时间,价格,数量,买卖方向
9:15:00,41.35,6,2B
9:15:00,41.51,6,2B
9:15:00,40.21,1,2B
9:15:00,42,1,2S
9:15:00,42.5,1,2S
9:15:00,43,1,2S
9:15:00,43.5,1,2S
9:15:00,38,10,2B
9:15:00,44.89,11,2S
9:15:00,44,1,2S
9:15:00,41,1,2B
9:15:00,37.58,1,2S
9:15:00,41.23,1,2B
9:15:00,40.73,1,2B
9:15:00,43.7,2,2S
9:15:00,44.34,2,2S
9:15:00,42.97,1,2S
9:15:00,41.01,1,2B
9:15:00,42.92,2,2S
9:15:00,41.01,3,2B
9:15:00,44.57,3,2S
9:15:00,40.9,3,2B
9:15:00,45.94,3,2B
9:15:00,39.88,1,2B
9:15:00,41.05,3,2B
9:15:00,42.5,3,2S
9:15:00,44.27,1,2S
9:15:00,43.83,2,2S
9:15:00,42.98,20,2S
9:15:00,40.81,71,2B
9:15:00,43.27,1,2S
9:15:00,44.08,2,2S
9:15:00,43,3,2S
9:15:00,39.8,1,2B
9:15:00,38.57,1,2B
9:15:00,42.8,10,2S
9:15:00,44.88,4,2S
9:15:00,41.06,3,2B
9:15:00,40.56,5,2B
9:15:00,40.65,3,2B
9:15:00,40.7,3,2B
9:15:00,41,4,2B
9:15:01,41,10,2B
9:15:01,40.03,50,2B
9:15:01,40.56,2,2B
9:15:01,40.6,3,2B
9:15:01,40.88,2,2B
9:15:01,45.2,2,2S
9:15:01,43,4,2S
9:15:01,40.3,2,2B
9:15:01,43.8,10,2S
9:15:01,41.12,9,2B
9:15:01,40.62,9,2B
9:15:01,42.74,8,2S
9:15:01,43.25,8,2S
9:15:01,43.87,8,2S
9:15:01,38,20,2B
9:15:02,38,2,2B
9:15:02,44.89,1,2S
9:15:02,42.96,4,2S
9:15:02,41.01,1,2B
9:15:02,41.14,3,2B
9:15:02,41.11,3,2B
9:15:02,42.5,12,2S
9:15:02,42.25,4,2S
9:15:02,41.25,8,2B
9:15:02,45,1,2S
9:15:02,41.25,16,2B
9:15:02,41.73,4,2B
9:15:02,41.98,4,2S
9:15:02,42.25,4,2S
9:15:02,42.49,4,2S
9:15:02,45.9,4,2S
9:15:02,42.96,5,2S
9:15:02,41.02,5,2B
9:15:02,43.56,4,2S
9:15:03,43.75,4,2S
9:15:03,41.51,1,2B
9:15:03,42.75,4,2S
9:15:03,45.8,10,2S
9:15:03,41.01,2,2B
9:15:03,42.05,5,2S
9:15:03,40.62,4,2B
9:15:03,42.45,3,2S
9:15:04,39.58,4,2B
9:15:05,41.76,1,2B
9:15:10,41.76,1,BC
9:15:59,41.12,20,2B
9:16:59,41.02,2,2B
9:17:09,41.02,2,2B
9:18:14,42.58,1,2S
9:19:24,37.58,1,2S
9:20:00,42,3,2S
9:21:21,40.82,2,2B
9:21:57,45.94,55,2S
9:22:03,42.88,1,2S
9:22:10,44.3,3,2S
9:22:18,37.58,2,2S
9:22:50,41.99,11,2S
9:22:58,42,31,2S
9:23:04,42.4,1,2S
9:23:07,43.2,2,2S
9:23:07,41.87,5,2S
9:23:18,41.71,6,2B
9:23:35,42,80,2S
9:24:08,41.7,8,2S
9:24:09,41.7,1,2S
9:24:17,41.02,10,2B
9:24:20,40.92,29,2S
9:24:21,37.58,1,2S
9:24:21,37.58,1,2S
9:24:27,40.92,32,2S
9:24:30,37.58,1,2S
9:24:30,37.58,1,2S
9:24:35,42,5,2S
9:24:37,41.16,16,2B
9:24:40,41.26,13,2B
9:24:47,41.26,3,2B
9:24:48,40.73,5,2S
9:24:49,41.21,2,2B
9:24:53,40.01,1,2B
9:24:54,41.14,7,2S
9:24:55,41.39,6,2B
9:24:56,41.39,4,2B
9:24:56,41.31,34,2B
9:24:56,41.57,1,2B
9:24:57,37.58,1,2S
9:24:57,37.58,1,2S
9:24:58,41.31,2,2B
9:30:00,41.27,22,2B
9:30:00,41.69,22,2S
9:30:00,42.45,5,2S
9:30:00,41.05,5,2B
9:30:00,41.27,19,2B
9:30:00,41.27,53,2B
9:30:00,41.69,52,2S
9:30:00,41.69,1,2S
9:30:00,41.28,2,2B
9:30:00,41.27,26,2B
9:30:00,41.28,55,2B
9:30:00,41.68,23,2S
9:30:00,41.28,30,2B
9:30:00,41.68,8,2S
9:30:00,41.68,11,2S
9:30:00,41,1,2B
9:30:00,41.28,2,2B
9:30:00,41.68,12,2S
9:30:00,41.28,1,2B
9:30:00,41.68,1,2S
9:30:00,41.26,3,BC
9:30:00,41.68,1,2S
9:30:00,40.24,18,2B
9:30:00,41.98,10,2S
9:30:00,41.69,2,2S
9:30:00,41.01,10,2B
9:30:00,41.7,8,SC
9:30:00,39.8,1,2B
9:30:00,39.5,1,2B
9:30:00,41.25,1,2B
9:30:00,41.16,3,2B
9:30:00,41.69,7,2S
9:30:00,41.99,5,2S
9:30:00,41.05,1,2B
9:30:00,41.54,1,2S
9:30:00,41.7,10,2B
9:30:00,41.27,5,2B
9:30:00,41.27,2,2B
9:30:00,39.2,10,2B
9:30:00,41.26,1,2B
9:30:00,41.7,1,SC
9:30:00,39,10,2B
9:30:00,40,3,2B
9:30:00,41.87,10,2S
9:30:00,37.58,9,2B
9:30:00,41.26,20,2B
9:30:00,41.18,10,2B
9:30:00,41.31,2,2B
9:30:00,41.26,5,2B
9:30:00,41.29,5,2B
9:30:00,42.97,2,2S
9:30:00,41,2,2B
9:30:00,41.97,2,2S
9:30:00,41.68,1,2S
9:30:01,41.68,1,2S
9:30:01,41.97,5,2S
9:30:01,41.18,1,2B
9:30:01,41.69,1,2S
9:30:01,41.26,3,2B
9:30:01,41.08,3,2B
9:30:01,41.28,2,2B
9:30:01,41.01,20,2B
9:30:01,41.26,7,2B
9:30:01,41.27,5,2B
9:30:01,41.69,3,2S
9:30:01,41.68,2,2S
9:30:01,41.26,2,2B
9:30:01,41.69,3,2S
9:30:01,41.97,5,2S
9:30:01,41.27,5,2B
9:30:01,41.85,4,2S
9:30:01,41.26,1,2B
9:30:01,41.68,14,SC
9:30:01,41.27,22,BC
9:30:01,41.69,22,SC
9:30:01,41.29,22,2B
9:30:01,41.27,53,BC
9:30:01,41.69,1,SC
9:30:01,41.29,53,2B
9:30:01,41.69,52,SC
9:30:01,41.26,3,2B
9:30:01,41.27,5,2B
9:30:01,41.26,1,2B
9:30:01,41.69,13,2S
9:30:01,41.28,1,2B
9:30:01,39.92,2,2B
9:30:01,40.82,2,BC
9:30:01,42.88,1,SC
9:30:01,41.27,5,2B
9:30:02,41,9,2B
9:30:02,41.98,43,2S
9:30:02,41.27,1,2B
9:30:02,41.97,10,2S
9:30:02,41,20,2B
9:30:02,41.26,5,2B
9:30:02,40.65,3,2B
9:30:02,41.22,5,2B
9:30:02,41.63,1,2S
9:30:02,40.85,2,2B
9:30:02,40.01,4,2B
9:30:02,41.26,10,2B
9:30:02,41.27,21,2B
9:30:02,40.02,5,2B
9:30:02,41.2,1,2B
9:30:02,41,2,2B
9:30:03,41.98,12,2S
9:30:03,41.29,53,BC
9:30:03,41.32,53,2B
9:30:03,41.29,22,BC
9:30:03,41.32,22,2B
9:30:03,41.63,2,2S
9:30:03,41.32,24,2B
9:30:03,41.68,1,2S
9:30:03,41.69,3,SC
9:30:03,41.35,8,2B
9:30:03,41.69,3,SC
9:30:03,41.27,5,BC
9:30:03,41.24,1,2B
9:30:03,41.26,3,2B
9:30:03,43.99,28,2S
9:30:03,41.63,3,2S
9:30:03,41.28,30,BC
9:30:03,41.68,8,SC
9:30:03,41.68,11,SC
9:30:03,41.32,30,2B
9:30:03,41.28,55,BC
9:30:03,41.32,55,2B
9:30:03,41.63,3,2S
9:30:03,41.31,5,2B
9:30:03,41.99,17,2S
9:30:03,41.26,1,2B
9:30:03,40.85,2,BC
9:30:03,41.67,3,2S
9:30:03,41.31,1,2B
9:30:03,41.27,10,2B
9:30:03,41.3,3,2B
9:30:04,40.75,2,2B
9:30:04,41.35,5,2B
9:30:04,42.06,20,2S
9:30:04,41.26,3,2B
9:30:04,40.7,5,2B
9:30:04,41.27,6,2B
9:30:04,42.09,10,2S
9:30:04,41.27,5,2B
9:30:04,41.27,1,2S
9:30:04,41.26,1,2B
9:30:05,41.21,1,2B
9:30:05,41.35,5,2B
9:30:05,41.59,1,2S
9:30:05,41.26,1,2B
9:30:05,41.26,10,2B
9:30:05,41.99,1,2S
9:30:05,41.27,26,BC
9:30:05,41.35,26,2B
9:30:05,41.16,1,2B
9:30:05,41.11,1,2B
9:30:05,41.62,1,2S
9:30:06,41.68,1,2S
9:30:06,41.32,53,BC
9:30:06,41.36,38,2B
9:30:06,41.32,24,BC
9:30:06,41.27,19,BC
9:30:06,41.36,24,2B
9:30:06,41.32,22,BC
9:30:06,41.36,22,2B
9:30:06,41.32,55,BC
9:30:06,41.36,47,2B
9:30:06,41.32,30,BC
9:30:06,41.36,30,2B
9:30:06,40.39,3,2B
9:30:06,41.63,3,SC
9:30:06,41.63,3,SC
9:30:06,41.31,5,BC
9:30:06,41.3,3,BC
9:30:06,41.59,3,2S
9:30:06,41.59,3,2S
9:30:06,41.35,6,2B
9:30:06,40.56,3,2B
9:30:07,41.58,1,2S
9:30:07,41.57,1,2S
9:30:07,42.01,1,2S
9:30:07,41.57,1,2S
9:30:08,41.68,1,2S
9:30:08,41.06,1,2B
9:30:08,42.52,8,2S
9:30:08,41.31,1,2S
9:30:09,41.73,2,2S
9:30:09,41.56,1,2S
9:30:09,41.59,3,SC
9:30:09,41.35,6,BC
9:30:09,41.59,3,SC
9:30:09,41.67,3,SC
9:30:09,41.57,1,2S
9:30:09,41.59,1,SC
9:30:09,41.57,3,2S
9:30:09,41.36,6,2B
9:30:09,41.57,3,2S
9:30:09,41.31,1,2S
9:30:10,41.31,1,2S
9:30:10,41.31,1,2S
9:30:10,41.62,1,2S
9:30:11,41.58,1,2S
9:30:11,41.24,1,BC
9:30:12,41.57,3,SC
9:30:12,41.57,3,SC
9:30:12,41.56,1,2S
9:30:12,41.57,1,SC
9:30:12,41.56,3,2S
9:30:12,41.56,3,2S
9:30:12,41.56,1,2S
9:30:12,41.57,1,2B
9:30:12,41.55,1,2S
9:30:12,41.55,1,2S
9:30:13,41.67,2,2S
9:30:13,41.27,10,BC
9:30:14,41.01,1,2B
9:30:15,41.56,3,SC
9:30:15,41.56,3,SC
9:30:15,41.53,1,2S
9:30:15,41.56,1,SC
9:30:15,41.55,3,2S
9:30:15,41.55,3,2S
9:30:15,41.37,3,2B
9:30:15,41.37,1,2B
9:30:15,41.54,1,2S
9:30:15,41.37,12,2B
9:30:16,41.55,0.24,2S
9:30:16,41.36,34,BC
9:30:16,41.36,47,BC
9:30:16,41.36,30,BC
9:30:16,41.38,30,2B
9:30:16,41.36,22,BC
9:30:17,40.75,2,2B
9:30:18,41.55,3,SC
9:30:18,41.55,3,SC
9:30:18,41.36,6,BC
9:30:18,41.39,13,2B
9:30:18,41.53,3,2S
9:30:18,41.53,3,2S
9:30:18,41.38,6,2B
9:30:18,41.38,1,2B
9:30:18,41.52,3,2S
9:30:18,41.27,5,BC
9:30:18,41.56,2,2B
9:30:18,41.38,30,BC
9:30:18,41.4,2,2B
9:30:18,41.52,1,2S
9:30:19,41.36,1,2S
9:30:19,41,3,2B
9:30:19,41.73,2,SC
9:30:20,41.38,2,2S
9:30:20,41.53,1,2B
9:30:21,41.53,3,SC
9:30:21,41.53,3,SC
9:30:21,41.38,6,BC
9:30:21,41.52,1,2S
9:30:21,41.53,1,SC
9:30:21,41.52,3,2S
9:30:21,41.52,3,2S
9:30:21,41.39,6,2B
9:30:21,41.25,2,2B
9:30:22,41.56,3,2B
9:30:22,41.55,1,2B
9:30:23,41.26,1,BC
9:30:23,41.58,2,2S
9:30:24,41.52,1,2S
9:30:24,41.51,1,2S
9:30:24,41.68,1,SC
9:30:25,41.51,1,2S
9:30:27,41.52,1,2S
9:30:27,41.52,3,SC
9:30:27,41.52,1,SC
9:30:27,41.49,1,2S
9:30:27,41.52,1,SC
9:30:27,41.51,1,2S
9:30:27,41.51,3,2S
9:30:28,41.68,12,SC
9:30:28,41.4,5,2B
9:30:28,41.53,30,2S
9:30:30,41.45,5,2B
9:30:30,41.48,1,2S
9:30:30,41.51,1,2B
9:30:30,41.48,1,2S
9:30:30,41.48,1,2S
9:30:30,41.39,6,BC
9:30:30,41.51,3,SC
9:30:30,41.4,8,2B
9:30:30,41.4,1,2B
9:30:30,41.49,3,2S
9:30:30,41.68,1,SC
9:30:30,41.54,2,2S
9:30:30,41.39,1,2S
9:30:30,41.48,1,2S
9:30:31,41.67,2,SC
9:30:31,41.5,6,2S
9:30:31,41.4,2,2S
9:30:31,41.55,0.24,SC
9:30:32,41.38,0.24,2S
9:30:32,41.51,10,2B
9:30:33,41.49,1,2S
9:30:33,41.45,1,2S
9:30:33,41.49,1,2S
9:30:33,41.49,1,2S
9:30:33,41.49,1,2S
9:30:33,41.49,1,2S
9:30:33,41.49,2,2S
9:30:33,41.68,2,SC
9:30:33,41.4,20,2B
9:30:33,41.68,1,SC
9:30:34,41.16,3,2B
9:30:35,41.5,2,2S
9:30:36,41.48,1,2S
9:30:36,41.52,1,2B
9:30:36,41.49,1,SC
9:30:36,41.49,1,SC
9:30:36,41.49,1,SC
9:30:36,41.49,2,SC
9:30:36,41.49,2,2S
9:30:36,41.5,2,SC
9:30:36,41.48,2,2S
9:30:36,41.45,2,2S
9:30:36,41.48,2,2S
9:30:36,41.45,5,2B
9:30:36,41.45,1,2S
9:30:36,41.48,2,2S
9:30:37,41.48,1,2S
9:30:38,41.48,2,2S
9:30:38,41.49,2,SC
9:30:39,41.49,1,SC
9:30:39,41.35,26,BC
9:30:39,41.45,1,2S
9:30:39,41.45,1,2S
9:30:39,41.45,1,2S
9:30:39,41.49,1,SC
9:30:39,41.45,2,2S
9:30:40,41.41,4,2B
9:30:40,41.49,1,2B
9:30:40,39.88,3,2B
9:30:42,41.54,1,SC
9:30:42,41.68,1,SC
9:30:42,41.48,2,SC
9:30:42,41.58,1,SC
9:30:42,41.44,1,2S
9:30:43,41.69,1,SC
9:30:43,41.4,5,BC
9:30:43,41.41,3,2B
9:30:43,41.26,1,BC
9:30:43,41.49,1,2B
9:30:43,40.18,1,2B
9:30:43,41.58,1,SC
9:30:44,41.68,1,SC
9:30:44,41.49,1,2S
9:30:44,41.44,1,2S
9:30:44,41.44,1,2S
9:30:45,41.43,1,2S
9:30:45,41.41,1,2B
9:30:45,41.44,3,2S
9:30:45,41.44,1,2S
9:30:46,41.41,7,2B
9:30:46,41.45,1,2B
9:30:47,41.57,1,SC
9:30:47,41.43,1,2S
9:30:47,41.44,1,2B
9:30:48,41.57,1,SC
9:30:48,41.39,12,BC
9:30:48,41.44,3,2S
9:30:48,41.43,1,2S
9:30:48,41.44,3,SC
9:30:48,41.48,2,SC
9:30:48,41.48,2,SC
9:30:48,41.41,1,2B
9:30:48,41.31,1,BC
9:30:48,41.62,1,SC
9:30:48,41.42,1,2S
9:30:50,41.44,2,2S
9:30:50,41.44,1,2B
9:30:50,41.43,26,2B
9:30:50,41.68,1,SC
9:30:50,41.54,2,SC
9:30:50,41.47,1,2S
9:30:50,41.47,2,2S
9:30:51,41.45,8,2B
9:30:51,41.45,1.24,SC
9:30:51,41.62,1,SC
9:30:51,41.4,44,2S
9:30:51,41.55,1,SC
9:30:51,41.44,1,2S
9:30:51,41.55,1,SC
9:30:51,41.44,1,2S
9:30:52,41.63,1,SC
9:30:52,41.44,1,2S
9:30:53,41.43,1,2S
9:30:53,41.44,1,2S
9:30:54,41.44,1,2B
9:30:54,41.44,3,2S
9:30:54,41.44,3,SC
9:30:54,41.43,3,2S
9:30:55,41.43,1,2B
9:30:55,41.35,5,BC
9:30:56,41.43,1,2B
9:30:56,41.39,1,2S
9:30:56,41.39,1,2S
9:30:57,41.36,24,BC
9:30:57,41.43,2,2S
9:30:57,41.43,2,2S
9:30:57,41.43,3,2S
9:30:57,41.43,1,2S
9:30:57,41.56,1,SC
9:30:57,41.51,1,SC
9:30:58,41.42,1,2S
9:30:58,41.42,1,2S
9:30:59,41.37,1,2S
9:31:00,41.38,2,2S
9:31:00,41.4,2,2S
9:31:00,41.4,4,2B
9:31:00,41.43,1,SC
9:31:00,41.4,1,2B
9:31:00,41.4,4,2B
9:31:00,41.42,2,2S
9:31:00,41.4,2,2S
9:31:00,41.43,1,2B
9:31:00,41.4,2,2S
9:31:01,41.37,3,2S
9:31:02,40.58,5,2S
9:31:02,42.97,2,SC
9:31:02,41.42,3,2B
9:31:03,41.44,8,2B
9:31:03,41.4,4,2S
9:31:03,41.43,1,2S
9:31:03,41.42,6,2S
9:31:03,40.58,8,2S
9:31:03,41.44,1,2S
9:31:03,41.43,0.3,2S
9:31:03,41.43,1,2S
9:31:03,40.58,5,2S
9:31:03,41.51,1,SC
9:31:04,41.4,16,2S
9:31:04,41.31,1,2B
9:31:04,41.42,1,2S
9:31:04,41.45,1,2B
9:31:06,41.35,1,2S
9:31:06,41.34,1,2S
9:31:06,41.34,5,2S
9:31:06,41.41,15,2B
9:31:06,41.43,1,SC
9:31:06,41.4,1,2S
9:31:06,41.37,15,2S
9:31:06,41.43,1,SC
9:31:06,41.43,0.3,SC
9:31:06,41.44,1,SC
9:31:06,41.4,1,2S
9:31:06,41.37,0.3,2S
9:31:06,41.37,8,2S
9:31:09,41.4,1,SC
9:31:09,41.37,0.3,SC
9:31:09,41.35,12,2S
9:31:09,41.38,14,2B
9:31:09,41.35,0.3,2S
9:31:09,41.35,1,2S
9:31:09,41.48,2,SC
9:31:10,41.48,1,SC
9:31:10,40.86,1,2B
9:31:11,41.35,5,2S
9:31:11,41.38,1,2B
9:31:12,41.36,2,2B
9:31:12,41.35,0.6,2S
9:31:12,41.35,0.6,SC
9:31:12,41.31,0.6,2S
9:31:12,41.34,2,2S
9:31:13,41.34,1,2S
9:31:13,41.34,2,2S
9:31:14,41.35,1,2S
9:31:14,41.27,5,BC
9:31:14,41.27,21,BC
9:31:14,41.42,1,2S
9:31:15,41.32,3,2S
9:31:15,42.97,29,2S
9:31:16,41.49,1,SC
9:31:16,41.39,1,2S
9:31:17,41.34,1,2B
9:31:18,41.05,5,BC
9:31:19,41.31,1,2S
9:31:19,45,20,2S
9:31:20,41.16,16,BC
9:31:21,41.31,1,2S
9:31:22,41.47,2,SC
9:31:22,41.47,1,SC
9:31:22,41.34,1,2S
9:31:22,41.34,2,2S
9:31:23,41.35,3.3,SC
9:31:23,41.3,1,2B
9:31:23,41.58,2,SC
9:31:24,41.44,1,SC
9:31:24,41.44,1,SC
9:31:24,41.44,1,SC
9:31:25,41.44,1,SC
9:31:25,41.32,1,2S
9:31:25,41.3,5,2S
9:31:25,41.3,1,2B
9:31:25,41.3,1,2B
9:31:25,41,1,2S
9:31:25,41.3,1,2B
9:31:25,41.01,20,BC
9:31:26,41.32,5,2B
9:31:26,41.32,1,2S
9:31:27,41.35,1,2S
9:31:30,41.33,1,2S
9:31:30,41.35,1,2S
9:31:30,41.36,1,2S
9:31:30,41.34,1,2S
9:31:30,41.32,1,2B
9:31:30,41.31,8,2S
9:31:31,41.5,3,SC
9:31:31,41.31,3,2S
9:31:31,41.33,1,2S
9:31:33,41.35,1,SC
9:31:34,41.29,4,BC
9:31:36,41.42,1,SC
9:31:36,41.42,1,SC
9:31:36,41.32,1,2S
9:31:36,41.3,1,2B
9:31:36,41.28,1,2S
9:31:38,41.31,1,2B
9:31:38,41.29,6,2B
9:31:39,41.31,1,2B
9:31:39,41.31,1,2B
9:31:39,41.31,1,2B
9:31:39,41.31,1,2B
9:31:39,41.31,1,2B
9:31:39,41.31,1,2B
9:31:39,41.31,1,2B
9:31:39,41.31,1,2B
9:31:39,41.31,1,2B
9:31:39,41.31,1,2B
9:31:39,41.31,1,2B
9:31:39,41.31,1,2B
9:31:39,41.31,1,2B
9:31:39,41.31,1,2B
9:31:39,41.31,1,2B
9:31:39,41.31,1,2B
9:31:39,41.31,1,2B
9:31:39,41.31,1,2B
9:31:39,41.31,1,2B
9:31:39,41.31,1,2B
9:31:39,41.31,1,2B
9:31:39,41.29,6,2S
9:31:40,41.3,1,2S
9:31:40,41.28,1,2S
9:31:41,41.52,1,SC
9:31:41,41.29,4,2B
9:31:41,41.25,2,BC
9:31:42,41.32,1,2B
9:31:42,41.32,1,2B
9:31:42,41.32,1,2B
9:31:42,41.32,1,2B
9:31:42,41.32,1,2B
9:31:42,41.32,1,2B
9:31:42,41.32,5,2B
9:31:42,41.31,1,BC
9:31:42,41.31,0.4,BC
9:31:42,41.32,1,2B
9:31:42,41.29,4,BC
9:31:42,41.33,1,2S
9:31:42,41.32,1,2B
9:31:42,41.32,1,2B
9:31:42,41.32,1,2B
9:31:42,41.32,1,2B
9:31:42,41.32,1,2B
9:31:42,41.31,1,BC
9:31:42,41.31,1,BC
9:31:42,41.32,1,2B
9:31:42,41.31,1,BC
9:31:42,41.32,1,2B
9:31:42,41.31,4,2B
9:31:42,41.32,1,2B
9:31:42,41.32,1,2B
9:31:42,41.32,1,2B
9:31:42,41.32,1,2B
9:31:42,41.32,1,2B
9:31:42,41.32,1,2B
9:31:42,41.32,1,2B
9:31:42,41.32,1,2B
9:31:43,41.21,2,BC
9:31:43,41.68,1,SC
9:31:44,41.26,3,BC
9:31:44,41.3,1,2S
9:31:45,41.39,1,SC
9:31:45,41.33,1,2B
9:31:45,41.32,1,BC
9:31:45,41.32,1,BC
9:31:45,41.32,1,BC
9:31:45,41.32,1,BC
9:31:45,41.3,1,2S
9:31:45,41.33,1,2B
9:31:45,41.32,1,BC
9:31:45,41.34,2,SC
9:31:45,41.32,1,BC
9:31:45,41.32,1,BC
9:31:45,41.32,1,BC
9:31:45,41.32,1,BC
9:31:45,41.32,1,BC
9:31:45,41.31,4,BC
9:31:45,41.32,1,BC
9:31:45,41.32,1,BC
9:31:45,41.42,6,SC
9:31:45,41.34,1,SC
9:31:45,41.32,1,BC
9:31:45,41.32,1,BC
9:31:45,41.32,1,BC
9:31:45,41.32,1,BC
9:31:45,41.32,4,2B
9:31:45,41.32,1,BC
9:31:45,41.33,1,2B
9:31:45,41.33,1,2B
9:31:45,41.33,1,2B
9:31:45,41.32,1,BC
9:31:45,41.32,1,BC
9:31:45,41.31,4,2B
9:31:46,41.32,1,BC
9:31:48,41.34,1,2B
9:31:48,41.34,1,2B
9:31:48,41.34,1,2B
9:31:48,41.34,1,2B
9:31:48,41.34,1,2B
9:31:48,41.33,1,BC
9:31:48,41.34,1,2B
9:31:48,41.33,1,BC
9:31:48,41.34,1,2B
9:31:48,41.34,1,2B
9:31:48,41.34,1,2B
9:31:48,41.34,1,2B
9:31:48,41.34,1,2B
9:31:48,41.34,1,2B
9:31:48,41.34,1,2B
9:31:48,41.34,1,2B
9:31:48,41.34,1,2B
9:31:48,41.34,1,2B
9:31:48,41.34,1,2B
9:31:48,41.34,1,2B
9:31:48,41.32,4,BC
9:31:48,41.33,4,2B
9:31:48,41.34,1,2B
9:31:48,41.34,2,2S
9:31:49,41.34,1,2S
9:31:50,41.34,1,2B
9:31:50,41.28,3,2B
9:31:51,41.35,1,2B
9:31:51,41.35,1,2B
9:31:51,41.35,1,2B
9:31:51,41.35,1,2B
9:31:51,41.34,1,BC
9:31:51,41.34,1,BC
9:31:51,41.35,1,2B
9:31:51,41.33,4,BC
9:31:51,41.34,1,BC
9:31:51,41.35,1,2B
9:31:51,41.34,1,BC
9:31:51,41.34,1,BC
9:31:51,41.34,1,BC
9:31:51,41.34,1,BC
9:31:51,41.35,1,2B
9:31:51,41.34,4,2B
9:31:51,41.34,1,BC
9:31:51,41.35,1,2B
9:31:51,41.34,1,BC
9:31:51,41.34,1,BC
9:31:52,41.34,1,BC
9:31:53,41.32,2,2S
9:31:53,41.53,30,SC
9:31:54,41.4,1,SC
9:31:54,41.36,1,2B
9:31:54,41.35,1,BC
9:31:54,41.35,1,BC
9:31:54,41.35,1,BC
9:31:54,41.36,1,2B
9:31:54,41.36,1,2B
9:31:54,41.36,1,2B
9:31:54,41.36,1,2B
9:31:54,41.36,1,2B
9:31:54,41.36,1,2B
9:31:54,41.36,1,2B
9:31:54,41.36,1,2B
9:31:54,41.36,1,2B
9:31:54,41.34,4,BC
9:31:54,41.36,1,2B
9:31:54,41.35,4,2B
9:31:54,41.35,1,BC
9:31:54,41.49,2,2S
9:31:54,41.36,1,2B
9:31:55,41.36,1,2S
9:31:55,41.7,4,2S
9:31:55,41.36,1,2B
9:31:57,41.35,4,BC
9:31:57,41.49,1,2S
9:31:57,41.36,4,2B
9:31:57,41.49,1,2B
9:31:57,41.49,1,2B
9:31:57,41.49,1,2B
9:31:58,41.49,1,2B
9:31:58,41.29,30,2S
9:31:58,41.29,49,2B
9:31:58,41.29,30,2B
9:31:58,41.29,53,2B
9:31:58,41.29,22,2B
9:31:58,41.36,4,2B
9:31:59,41.36,2,2S
9:31:59,41.29,53,BC
9:31:59,41.37,34,2B
9:31:59,41.29,30,BC
9:31:59,41.29,49,BC
9:31:59,41.37,25,2B
9:31:59,41.37,23,2B
9:31:59,41.29,22,BC
9:31:59,41.37,22,2B
9:32:00,41.51,1,2B
9:32:00,41.51,1,2B
9:32:00,41.51,1,2B
9:32:00,41.51,1,2B
9:32:00,41.36,2,BC
9:32:00,41.51,1,2B
9:32:00,41.51,1,2B
9:32:00,41.51,1,2B
9:32:00,41.38,1,2B
9:32:00,41.51,1,2B
9:32:01,41.2,2,2B
9:32:01,41.51,1,2B
9:32:01,41.37,23,BC
9:32:01,41.37,34,BC
9:32:01,41.37,25,BC
9:32:01,41.37,22,BC
9:32:02,41.51,1,2B
9:32:02,41.35,1,2B
9:32:02,41.62,23,2S
9:32:03,41.61,3,2S
9:32:03,41.61,3,2S
9:32:03,41.62,2,2S
9:32:03,41.62,1,2S
9:32:03,41.61,2,2S
9:32:03,41.61,10,2S
9:32:03,41.51,2,2S
9:32:03,41.51,9,2S
9:32:03,41.62,1,2S
9:32:03,41.62,1,2S
9:32:03,41.62,23,SC
9:32:03,41.6,35,2S
9:32:03,41.6,15,2S
9:32:03,41.6,8,2S
9:32:03,41.6,2,2S
9:32:03,41.6,3,2S
9:32:03,41.6,35,SC
9:32:03,41.6,3,SC
9:32:03,41.6,15,SC
9:32:03,41.6,2,SC
9:32:03,41.6,8,SC
9:32:04,41.26,3,BC
9:32:04,41.35,1,BC
9:32:05,41.59,2,2S
9:32:06,41.62,1,SC
9:32:06,41.51,1,2S
9:32:06,41.62,1,SC
9:32:06,41.51,1,2S
9:32:06,41.28,1,2B
9:32:08,41.51,8,2S
9:32:11,41.02,2,BC
9:32:11,41.38,4,2B
9:32:13,41.3,4,2B
9:32:13,41.28,1,2S
9:32:13,41.6,1,2S
9:32:14,41.29,5,2B
9:32:15,41.61,3,SC
9:32:15,41.61,2,SC
9:32:18,41.62,1,SC
9:32:18,41.51,1,2S
9:32:19,41.51,1,2B
9:32:21,41.6,4,2S
9:32:23,41.59,1,2S
9:32:23,41.34,1,2S
9:32:23,41.8,1,2S
9:32:24,41.5,2,2S
9:32:26,45.94,5,2S
9:32:27,41.51,1,SC
9:32:27,41.51,1,SC
9:32:27,41.51,1,SC
9:32:27,41.5,1,2S
9:32:27,41.5,1,2S
9:32:27,41.51,1,SC
9:32:27,41.5,1,2S
9:32:30,41.36,1,2B
9:32:32,41.25,1,2B
9:32:33,41.49,1,2S
9:32:33,41.5,1,2S
9:32:34,41.28,2,2B
9:32:34,41.48,2,2S
9:32:34,41.02,4,2B
9:32:35,41.28,7,2B
9:32:36,41.5,1,SC
9:32:36,41.48,1,2S
9:32:36,41.5,1,SC
9:32:36,41.48,1,2S
9:32:36,41.38,1,2S
9:32:36,41.5,1,SC
9:32:36,41.38,1,2S
9:32:36,41.5,2,SC
9:32:36,41.38,1,2S
9:32:36,41.48,1,2S
9:32:37,41.51,8,SC
9:32:37,41.28,1,2S
9:32:38,41.33,2,2S
9:32:38,41.16,1,2B
9:32:38,41.47,2,2S
9:32:38,41.47,1,2S
9:32:38,41.28,1,2S
9:32:39,41.62,2,SC
9:32:39,41.33,1,2B
9:32:39,41.6,1,SC
9:32:39,41.33,1,2B
9:32:39,41.28,1,BC
9:32:39,41.31,4,2B
9:32:39,41.5,1,SC
9:32:39,41.32,1,2S
9:32:39,41.2,1,2S
9:32:39,41.38,1,2S
9:32:40,41.31,2,2B
9:32:41,41.3,4,2B
9:32:42,41.34,1,2B
9:32:42,41.32,1,2B
9:32:42,41.32,1,2B
9:32:42,41.31,1,2S
9:32:42,41.32,1,2S
9:32:42,41.3,4,BC
9:32:42,41.31,4,2B
9:32:43,41.21,1,2S
9:32:43,41.32,2,2S
9:32:43,41.29,1,2S
9:32:43,41.3,5,2B
9:32:43,41.27,1,2S
9:32:44,41.48,2,SC
9:32:45,41.31,3,2S
9:32:45,41.49,1,SC
9:32:45,41.36,1,2B
9:32:45,41.3,1,2S
9:32:45,41.32,1,2B
9:32:45,41.32,3,2B
9:32:46,41.21,1,2S
9:32:46,40.48,1,2S
9:32:47,41.31,20,2S
9:32:47,41.21,1,2S
9:32:48,41.29,1,2S
9:32:48,41.32,1,2B
9:32:48,41.3,7,2S
9:32:48,41.3,1,2S
9:32:48,41.38,2,2S
9:32:48,41.02,2,BC
9:32:48,41.32,1,2B
9:32:48,41.3,1,2S
9:32:49,41.1,2,2S
9:32:49,41.29,30,2B
9:32:50,40.75,2,BC
9:32:51,41.29,9,2S
9:32:51,41.29,7,2S
9:32:51,41.31,1,2B
9:32:51,41.29,33,2S
9:32:51,41.61,3,SC
9:32:51,41.47,2,SC
9:32:52,41.3,3,2B
9:32:52,41.34,2,2S
9:32:53,41.3,1,SC
9:32:54,41.28,8,2S
9:32:54,41.28,1,2S
9:32:54,41.28,2,2S
9:32:54,41.27,5,BC
9:32:54,41.28,8,2S
9:32:54,42.5,10,2S
9:32:55,41.62,1,2B
9:32:56,41.29,1,2S
9:32:56,41.1,20,2B
9:32:56,41.23,10,2B
9:32:57,41.28,1,2S
9:32:57,41.48,1,SC
9:32:57,41.29,1,2S
9:32:57,41.28,9,2S
9:32:57,41.23,1,2S
9:32:57,41.28,1,2S
9:32:57,41.3,2,2B
9:32:58,41.34,2,SC
9:32:59,41.3,3,2B
9:33:00,41.27,7,2S
9:33:00,41.27,4,2S
9:33:00,41.29,1,SC
9:33:00,41.27,3,2S
9:33:00,41.28,1,2S
9:33:00,41.18,1,2S
9:33:00,41.28,6,2B
9:33:00,41.27,11,2S
9:33:00,41.27,2,2S
9:33:00,41.28,2,2S
9:33:00,41.34,2,2S
9:33:00,41.27,7,2S
9:33:00,40,4,2B
9:33:00,41.02,5,2B
9:33:00,41.29,12,SC
9:33:00,41.27,1,2S
9:33:01,41.28,1,2S
9:33:01,41.27,1,2S
9:33:01,41.27,1,2S
9:33:01,41.27,1,2S
9:33:01,41.27,1,2S
9:33:02,41.27,1,2S
9:33:02,41.28,3,2B
9:33:02,41.27,1,2S
9:33:02,41.27,1,2S
9:33:02,41.27,1,2S
9:33:02,41.27,1,2S
9:33:03,41.26,7,2S
9:33:03,41.26,12,2S
9:33:03,41.26,53,2S
9:33:03,41.26,2,2S
9:33:03,41.26,2,2S
9:33:03,41.26,53,2S
9:33:03,41.26,3,2S
9:33:03,41.27,1,SC
9:33:03,41.27,1,SC
9:33:03,41.27,1,SC
9:33:03,41.48,1,SC
9:33:03,41.26,1,2S
9:33:03,41.26,1,2S
9:33:03,41.27,1,SC
9:33:03,41.27,1,SC
9:33:03,41.27,7,SC
9:33:03,41.27,1,2S
9:33:03,41.26,2,SC
9:33:03,41.26,2,SC
9:33:03,41.25,2,2S
9:33:03,41.25,2,2S
9:33:03,41.26,2,2S
9:33:03,41.26,2,2S
9:33:03,41.26,8,2S
9:33:03,42.85,10,2S
9:33:03,41.27,1,2S
9:33:04,41.27,1,2S
9:33:04,41.16,1,2S
9:33:04,41.26,1,2S
9:33:04,41.26,1,2S
9:33:04,41.28,12,2B
9:33:04,41.28,2,SC
9:33:04,41.27,1,2S
9:33:04,41.27,1,SC
9:33:04,41.27,1,SC
9:33:04,41.27,1,SC
9:33:04,41.27,1,SC
9:33:05,41.28,1,2B
9:33:05,41.26,1,2S
9:33:05,41.16,1,2S
9:33:05,41.27,5,SC
9:33:05,41.27,1,SC
9:33:06,41.27,1,2S
9:33:06,41.25,1,2S
9:33:06,41.25,1,2S
9:33:06,41.26,1,2S
9:33:06,41.48,1,SC
9:33:06,41.26,1,SC
9:33:06,41.26,1,SC
9:33:06,41.25,1,2S
9:33:06,41.25,1,2S
9:33:06,41.25,17,2S
9:33:06,41.26,3,SC
9:33:06,41.23,1,2S
9:33:06,41.23,1,2S
9:33:06,41.26,1,SC
9:33:06,41.26,2,SC
9:33:06,41.26,2,SC
9:33:06,41.23,1,2S
9:33:06,41.23,2,2S
9:33:06,41.26,40,SC
9:33:06,41.27,1,SC
9:33:06,41.25,1,2S
9:33:06,41.25,2,2S
9:33:06,41.25,1,2S
9:33:06,41.25,1,2S
9:33:06,41.25,5,2S
9:33:06,41.25,2,2S
9:33:06,41.23,4,2S
9:33:06,41.25,12,2S
9:33:06,41.26,1,2S
9:33:06,41.25,7,2S
9:33:06,41.25,4,2S
9:33:06,41.22,1,2S
9:33:06,41.21,7,2S
9:33:06,41.27,1,SC
9:33:06,41.25,20,2S
9:33:06,41.24,1,2S
9:33:06,41.25,3,2S
9:33:06,41.27,1,SC
9:33:07,41.27,1,SC
9:33:08,41.25,5,2S
9:33:08,41.23,1,2S
9:33:08,41.25,1,SC
9:33:08,41.2,3,2S
9:33:08,41.25,2,2S
9:33:08,41.25,3,2S
9:33:09,41.16,1,BC
9:33:09,41.26,1,SC
9:33:09,41.23,1,2S
9:33:09,41.25,1,SC
9:33:09,41.25,2,SC
9:33:09,41.25,2,SC
9:33:09,41.26,1,SC
9:33:09,41.19,4,2B
9:33:09,41.23,1,2S
9:33:09,41.23,2,2S
9:33:09,41.25,7,SC
9:33:09,41.23,2,2S
9:33:09,41.26,1,2B
9:33:09,41.23,1,2S
9:33:09,42.01,1,SC
9:33:09,41.25,3,SC
9:33:09,41.25,2,SC
9:33:09,41.25,5,SC
9:33:09,41.27,2,SC
9:33:10,41.23,3,2S
9:33:10,41.23,5,2S
9:33:10,41.23,2,2S
9:33:10,41.28,6,2S
9:33:10,41.16,1,2S
9:33:11,41.08,1,2S
9:33:12,41.23,1,SC
9:33:12,41.23,2,SC
9:33:12,41.23,3,SC
9:33:12,41.23,5,SC
9:33:12,41.23,2,SC
9:33:12,41.25,12,SC
9:33:12,41.19,1,2S
9:33:12,41.23,2,SC
9:33:12,41.19,2,2S
9:33:12,41.19,3,2S
9:33:12,41.19,5,2S
9:33:12,41.19,2,2S
9:33:12,41.19,1,2S
9:33:12,41.19,2,2S
9:33:12,41.19,2,2S
9:33:12,0,2,1S
9:33:13,41.26,8,SC
9:33:13,41.38,2,SC
9:33:13,41.22,2,2S
9:33:14,41.09,1,2S
9:33:14,41.19,1,2S
9:33:14,40.37,1,2S
9:33:14,41.19,1,2S
9:33:14,41.19,1,2S
9:33:14,41.19,1,2S
9:33:14,41.09,1,2S
9:33:14,41.19,1,2S
9:33:15,41.19,1,2S
9:33:15,41.23,1,SC
9:33:15,41.19,1,2S
9:33:15,41.19,2,SC
9:33:15,41.13,1,2S
9:33:15,41.19,1,SC
9:33:15,41.23,1,SC
9:33:15,41.18,3,2S
9:33:15,41.18,6,2S
9:33:15,41.18,2,2S
9:33:15,41.19,3,SC
9:33:15,41.19,2,SC
9:33:15,41.19,5,SC
9:33:15,41.19,1,SC
9:33:15,41.19,1,SC
9:33:15,41.19,1,SC
9:33:15,41.19,1,SC
9:33:15,41.19,1,2S
9:33:15,41.19,1,SC
9:33:15,41.19,1,SC
9:33:15,41.18,3,2S
9:33:15,41.18,5,2S
9:33:15,41.18,6,2S
9:33:15,41.13,2,2S
9:33:15,41.18,5,2S
9:33:15,41.18,3,2S
9:33:15,41.2,2,2B
9:33:16,41.25,4,SC
9:33:16,41.18,1,2S
9:33:16,41.26,39,2S
9:33:17,41.13,15,2S
9:33:17,41.2,1,2B
9:33:17,41.22,2,SC
9:33:18,41.19,1,SC
9:33:18,41.13,1,2S
9:33:18,41.25,3,SC
9:33:18,41.19,1,SC
9:33:18,41.18,2,SC
9:33:18,41.12,2,2S
9:33:18,41.18,3,SC
9:33:18,41.18,1,SC
9:33:18,41.18,3,SC
9:33:18,41.18,5,SC
9:33:18,41.12,1,2S
9:33:18,41.18,5,SC
9:33:18,41.12,3,2S
9:33:18,41.13,1,2S
9:33:18,41.12,3,2S
9:33:18,41.12,5,2S
9:33:18,41.12,5,2S
9:33:18,41.12,23,2S
9:33:18,41.25,1,SC
9:33:18,41.25,5,SC
9:33:18,41.25,1,SC
9:33:18,41.34,2,SC
9:33:19,41.12,1,2B
9:33:20,41.24,2,2S
9:33:20,41.18,4,2S
9:33:21,41.13,1,SC
9:33:21,41.12,1,2S
9:33:21,41.13,1,SC
9:33:21,41.18,6,SC
9:33:21,41.11,1,2S
9:33:21,41.12,1,2S
9:33:21,41.11,1,2S
9:33:21,41.11,5,2S
9:33:21,41.26,14,2B
9:33:22,41.19,2,SC
9:33:23,41.06,4,2B
9:33:23,41.12,1,2S
9:33:24,41.1,7,2S
9:33:24,41.11,4,2S
9:33:24,41.12,1,SC
9:33:25,41.24,1,SC
9:33:25,41.18,2,SC
9:33:25,0,10,1S
9:33:25,41.08,1,2S
9:33:26,41.11,2,2S
9:33:26,41.02,5,2B
9:33:26,41.08,8,2S
9:33:27,41.08,1,2B
9:33:27,41.08,1,2B
9:33:27,41.08,1,2B
9:33:28,41.12,1,2B
9:33:29,41.08,12,2B
9:33:29,41.11,4,2S
9:33:30,41.24,2,SC
9:33:30,41.06,5,2B
9:33:30,41.11,3,SC
9:33:30,41.1,1,2S
9:33:30,41.11,1,2B
9:33:30,41.12,1,SC
9:33:30,41.11,1,2S
9:33:30,41.06,5,BC
9:33:30,41.11,1,2B
9:33:30,41.08,6,2B
9:33:30,41.22,2,2S
9:33:30,41.11,1,2S
9:33:30,41.12,20,2B
9:33:31,41.18,4,SC
9:33:33,41.13,1,2B
9:33:33,41.13,1,2B
9:33:33,41.13,1,2B
9:33:33,41.12,11,2S
9:33:33,41.13,1,2B
9:33:33,41.08,6,BC
9:33:33,41.12,6,2B
9:33:33,41.13,2,2B
9:33:33,41.13,2,2B
9:33:33,41.13,2,BC
9:33:35,41.11,1,2B
9:33:36,41.19,1,2S
9:33:36,41.1,8,2S
9:33:36,41.1,2,2B
9:33:36,41.19,1,2B
9:33:36,41.19,1,2B
9:33:36,41.1,1,BC
9:33:36,40.91,1,2B
9:33:37,41.19,16,2S
9:33:39,41.19,2,2B
9:33:39,41.19,1,2B
9:33:40,41,2,BC
9:33:40,41.11,2,2B
9:33:40,41.06,1,2S
9:33:41,41.19,1,2S
9:33:42,40.8,1,2B
9:33:42,41.19,2,2B
9:33:42,41.18,0.16,2S
9:33:43,41.37,1,2S
9:33:44,40.96,1,2B
9:33:45,41.18,1,2B
9:33:45,41.19,1,2B
9:33:45,41.34,1,2B
9:33:45,41.22,2,SC
9:33:45,41.14,2,2S
9:33:46,41.37,1,SC
9:33:48,41.14,1,2B
9:33:48,41.14,1,2B
9:33:48,41.19,1,SC
9:33:49,41.1,1,2B
9:33:50,41.19,4,2S
9:33:51,42.58,1,SC
9:33:51,41.25,20,SC
9:33:51,41.14,0.84,BC
9:33:51,41.19,1,2S
9:33:52,40.86,1,2B
9:33:54,41.19,2,2B
9:33:54,40.2,20,2B
9:33:54,41.08,1,2S
9:33:55,41.59,1,SC
9:33:55,41.09,5,2B
9:33:56,41.28,1,2S
9:33:56,41.26,39,SC
9:33:57,41.19,2,2B
9:33:59,40.81,1,2B
9:33:59,41,10,2B
9:34:00,41.1,4,2B
9:34:00,41.19,1,2B
9:34:00,41.19,4,SC
9:34:00,41.14,1,2B
9:34:01,41.18,2,2B
9:34:01,41.13,5,2B
9:34:02,41.08,1,2S
9:34:03,41.23,1,2B
9:34:03,41.1,4,2B
9:34:03,41.19,1,2B
9:34:03,41.1,4,BC
9:34:03,41.18,4,2B
9:34:06,41.19,3,2B
9:34:06,41.19,3,2B
9:34:06,41.19,1,2B
9:34:06,41.19,2,2B
9:34:06,41.19,3,2B
9:34:06,41.19,3,2B
9:34:06,41.19,3,2B
9:34:06,41.24,1,2B
9:34:07,41,5,2B
9:34:07,40.76,1,2B
9:34:09,41.19,3,BC
9:34:09,41.26,2,2B
9:34:09,41.26,2,2B
9:34:09,41.19,1,BC
9:34:09,41.19,2,BC
9:34:09,41.19,3,BC
9:34:09,41.26,2,2B
9:34:09,41.19,3,BC
9:34:09,41.18,4,BC
9:34:09,41.26,1,2S
9:34:09,41.19,3,BC
9:34:09,41.24,4,2B
9:34:09,41.3,1,2B
9:34:09,41.3,1,2B
9:34:09,41.24,1,BC
9:34:09,41.1,4,2S
9:34:11,41.26,1,2S
9:34:12,41.26,1,2B
9:34:12,41.26,1,2B
9:34:12,41.26,1,2B
9:34:12,41.26,1,2B
9:34:12,41.3,1,2B
9:34:12,41.26,1,2B
9:34:12,41.3,1,2B
9:34:12,41.25,1,2S
9:34:13,41.2,1,2B
9:34:13,41.19,4,2S
9:34:15,41.28,3,2B
9:34:15,41.28,5,2B
9:34:15,41.28,2,2B
9:34:15,41.28,4,2B
9:34:15,41.23,2,2S
9:34:15,41.28,1,2B
9:34:15,41.28,4,2B
9:34:15,41.28,1,2S
9:34:15,41.28,2,2B
9:34:15,40.71,1,2B
9:34:15,41.33,1,2B
9:34:15,41.33,1,2B
9:34:18,41.27,13,2S
9:34:18,41.31,1,2B
9:34:18,41.31,15,2B
9:34:18,41.31,4,2B
9:34:18,41.31,1,2B
9:34:18,41.28,1,2B
9:34:18,41.41,1,2B
9:34:18,41.41,1,2B
9:34:18,41.41,1,2S
9:34:18,41.41,1,2S
9:34:18,41.41,1,2S
9:34:18,41.24,2,BC
9:34:18,41.3,2,2S
9:34:18,41.28,4,2B
9:34:21,41.68,8,2S
9:34:21,41.18,3,2B
9:34:21,41.41,2,2B
9:34:21,41.28,4,BC
9:34:21,41.41,1,2S
9:34:21,41.31,4,2B
9:34:22,44,1,2S
9:34:24,41.41,1,2B
9:34:24,41.31,3,BC
9:34:24,41.31,1,BC
9:34:24,41.46,1,2S
9:34:24,41.46,8,2S
9:34:24,41.1,3,2B
9:34:25,41.26,1,2S
9:34:28,41.14,1,BC
9:34:30,41.47,1,2S
9:34:33,41.45,18,2S
9:34:33,41.03,5,2B
9:34:33,41.41,1,2S
9:34:33,41.31,1,2B
9:34:36,41.46,1,SC
9:34:36,41.46,8,SC
9:34:36,41.45,18,SC
9:34:36,41.14,3,2B
9:34:37,41.8,1,SC
9:34:38,41.41,1,2B
9:34:38,41.46,1,2S
9:34:38,41.46,12,2S
9:34:38,41.46,25,2S
9:34:39,41.45,6,2S
9:34:39,41.29,1,2B
9:34:39,41.44,8,2S
9:34:39,41.46,25,SC
9:34:39,41.44,13,2S
9:34:39,41.46,1,SC
9:34:39,41.44,23,2S
9:34:39,41.46,12,SC
9:34:41,41.7,1,2S
9:34:43,42,2,2S
9:34:46,41.59,3,2S
9:34:46,41.43,3,2S
9:34:46,41.43,5,2S
9:34:48,41.44,23,SC
9:34:48,41.42,1,2S
9:34:48,41.42,23,2S
9:34:48,41.44,8,SC
9:34:48,41.44,13,SC
9:34:48,41.42,12,2S
9:34:48,41.31,4,2S
9:34:48,41.31,4,2S
9:34:48,41.31,3,2S
9:34:48,41.43,5,SC
9:34:48,41.43,3,SC
9:34:48,41.41,13,2S
9:34:48,41.41,1,2S
9:34:48,41.41,9,2S
9:34:48,41.3,1,2S
9:34:48,41.44,1,2S
9:34:50,41,2,BC
9:34:50,41.42,12,SC
9:34:50,41.42,1,SC
9:34:50,41.42,23,SC
9:34:50,41.41,9,SC
9:34:50,41.41,1,SC
9:34:50,41.41,13,SC
9:34:51,41.29,1,2S
9:34:51,41.29,1,2S
9:34:51,41.29,1,2S
9:34:51,41.29,1,2S
9:34:51,41.29,1,2S
9:34:51,41.28,1,2S
9:34:51,41.31,3,SC
9:34:51,41.31,4,SC
9:34:51,41.29,1,2S
9:34:51,41.29,1,2S
9:34:51,41.29,1,2S
9:34:51,41.29,1,2S
9:34:51,41.29,1,2S
9:34:51,41.29,1,2S
9:34:51,41.29,1,2S
9:34:51,41.29,1,2S
9:34:51,41.29,1,2S
9:34:51,41.29,4,2B
9:34:51,41.44,1,SC
9:34:51,41.29,1,2S
9:34:51,41.29,1,2S
9:34:51,41.29,1,2S
9:34:51,41.29,1,2S
9:34:51,41.29,1,2S
9:34:51,41.29,1,2S
9:34:51,41.29,1,2S
9:34:51,41.29,4,2B
9:34:51,41.29,1,2S
9:34:51,41.29,1,2S
9:34:54,41.2,3,2B
9:34:54,41.42,3,2S
9:34:54,41.29,1,2S
9:34:55,41.44,1,2B
9:34:56,41.28,2,2S
9:34:57,41.3,1,SC
9:34:57,41.28,2,2S
9:34:57,41.28,2,2S
9:34:57,41.28,2,2S
9:34:58,41.29,1,2B
9:34:58,41.28,2,2S
9:34:59,41.28,1,2S
9:35:00,41.19,4,2B
9:35:00,41.28,2,2S
9:35:01,41.28,2,2S
9:35:02,41.28,1,2S
9:35:03,40,50,2B
9:35:03,41.2,1,2S
9:35:03,41.2,1,2S
9:35:03,41.2,1,2S
9:35:03,41.27,1,2S
9:35:03,41.19,5,2S
9:35:03,41.19,5,2S
9:35:04,41.28,2,2S
9:35:05,41.29,1,2B
9:35:06,41.19,4,2B
9:35:06,41.19,4,2B
9:35:06,41.19,1,2B
9:35:06,41.19,4,2S
9:35:06,41.19,4,2S
9:35:06,41.19,4,2B
9:35:06,41.18,1,2S
9:35:06,41.18,1,2S
9:35:06,41.18,1,2S
9:35:06,41.19,1,2B
9:35:06,41.18,2,2B
9:35:07,42.45,3,SC
9:35:07,41.19,1,2B
9:35:09,41.19,1,BC
9:35:09,41.27,1,2B
9:35:09,41.19,1,2S
9:35:10,41,10,2B
9:35:12,41.19,5,2B
9:35:12,41.18,1,2S
9:35:12,41.18,1,2S
9:35:13,41.19,1,2S
9:35:15,41.42,12,2S
9:35:18,41.28,1,2B
9:35:18,41.19,4,2B
9:35:18,41.08,12,BC
9:35:21,41.19,4,2B
9:35:21,41.19,3,2B
9:35:24,41.14,1,2S
9:35:24,41.19,4,BC
9:35:25,41.18,3,2B
9:35:28,41.18,3,2B
9:35:30,41.19,4,2B
9:35:30,41.29,1,2B
9:35:30,42.41,3,2S
9:35:31,38.95,1,2B
9:35:33,41.14,12,2B
9:35:33,41.29,1,SC
9:35:34,37.58,8,2S
9:35:36,41.41,3,2S
9:35:36,41.28,11,2B
9:35:36,41.28,8,2B
9:35:36,41.28,2,2B
9:35:36,41.28,4,2S
9:35:37,41,1,2B
9:35:38,41.28,2,2B
9:35:39,41.28,1,2B
9:35:39,41.28,1,2S
9:35:39,41.28,1,2S
9:35:39,41.28,4,2S
9:35:39,41.28,1,2S
9:35:39,41.28,1,2S
9:35:39,41.28,1,2S
9:35:39,41.28,4,2S
9:35:39,41.28,1,2S
9:35:39,41.29,1,SC
9:35:39,41.29,1,SC
9:35:39,41.29,1,SC
9:35:39,41.28,1,2S
9:35:39,41.29,1,SC
9:35:39,41.29,1,2B
9:35:39,41.29,2,2B
9:35:39,41.29,1,SC
9:35:39,41.29,1,SC
9:35:39,41.29,1,SC
9:35:39,41.29,1,SC
9:35:39,41.29,1,SC
9:35:39,41.29,1,SC
9:35:39,41.29,1,SC
9:35:39,41.09,10,2B
9:35:39,41.29,1,SC
9:35:42,41.19,1,2S
9:35:42,41.28,1,SC
9:35:42,41.19,1,2S
9:35:42,41.19,1,2S
9:35:42,41.19,1,2S
9:35:42,41.19,1,2S
9:35:42,41.19,1,2S
9:35:42,41.19,1,2S
9:35:42,41.19,1,2S
9:35:42,41.19,1,2S
9:35:42,41.19,1,2S
9:35:42,41.19,1,2S
9:35:42,41.19,1,2S
9:35:42,41.17,1,2B
9:35:43,41.28,1,2S
9:35:43,41.27,4,2S
9:35:43,41.29,1,SC
9:35:45,41.18,1,2S
9:35:45,41.19,10,2B
9:35:45,41.19,6,2B
9:35:45,41.19,1,2B
9:35:45,41.18,1,2S
9:35:45,41.28,1,SC
9:35:45,41.21,1,2B
9:35:45,41.18,1,2S
9:35:45,41.18,1,2S
9:35:45,41.18,1,2S
9:35:45,41.18,1,2S
9:35:47,41.6,4,SC
9:35:48,41.19,2,2B
9:35:48,37.58,8,2S
9:35:49,41.18,1,2S
9:35:50,38.9,1,2B
9:35:51,40.5,6,2B
9:35:51,41.18,4,2B
9:35:51,40.3,6,2B
9:35:53,41.19,2,2B
9:35:53,41.17,1,2B
9:35:54,41.19,1,2S
9:35:54,41.19,1,2S
9:35:54,41.19,1,2S
9:35:54,41.19,1,2S
9:35:54,41.19,1,2S
9:35:54,41.18,4,BC
9:35:54,41.19,4,2B
9:35:55,41.47,1,SC
9:35:57,41.19,1,2S
9:35:57,41.19,1,2S
9:35:57,41.19,3,2B
9:36:00,41.19,5,2B
9:36:00,41.19,1,2B
9:36:02,41.4,4,2S
9:36:03,41.18,3,BC
9:36:03,41.26,1,2S
9:36:05,42.5,1,2S
9:36:08,41.26,1,2B
9:36:10,41.18,3,2S
9:36:12,41.14,3,BC
9:36:13,41.15,10,2B
9:36:15,41.26,1,2B
9:36:15,41.2,2,2B
9:36:15,42.15,1,2S
9:36:17,41.28,1,2S
9:36:17,41.52,3,2S
9:36:18,41.28,4,SC
9:36:18,41.26,1,2S
9:36:18,41.28,1,SC
9:36:18,41.26,1,2S
9:36:18,40.77,1,2S
9:36:18,41.17,1,BC
9:36:19,41.25,1,2B
9:36:21,41.25,1,2S
9:36:21,41.25,1,2S
9:36:21,41.25,4,2B
9:36:21,41.27,1,2S
9:36:21,41.25,1,2S
9:36:21,41.26,1,SC
9:36:22,41.02,1,2B
9:36:24,41.25,1,2S
9:36:24,41.25,1,2S
9:36:24,41.25,1,2S
9:36:25,40.56,1,2B
9:36:28,41.18,3,2B
9:36:28,41.27,1,2B
9:36:29,41.27,2,2B
9:36:30,41.2,6,2B
9:36:36,40.5,5,2B
9:36:42,41.21,5,2B
9:36:43,41.12,1,2B
9:36:48,45.94,130,2S
9:36:51,41.26,1,2S
9:36:51,41.19,1,2B
9:36:54,40.85,1,2S
9:36:54,41.21,4,2B
9:36:54,41.26,1,2S
9:36:58,41.26,1,2B
9:36:59,41.71,1,2S
9:36:59,40,20,2B
9:37:00,41.21,4,2B
9:37:03,41.23,3,2B
9:37:04,41.15,1,2B
9:37:06,41.23,1,2S
9:37:06,41.23,1,2S
9:37:06,41.23,1,2S
9:37:06,41.23,1,2S
9:37:06,41.23,1,2S
9:37:06,41.23,1,2S
9:37:06,41.23,1,2S
9:37:06,41.23,1,2S
9:37:06,41.23,1,2S
9:37:06,41.23,1,2S
9:37:06,41.23,1,2S
9:37:06,41.23,1,2S
9:37:06,41.23,1,2S
9:37:06,41.23,1,2S
9:37:06,41.23,1,2S
9:37:06,41.23,1,2S
9:37:06,41.21,4,BC
9:37:06,41.21,2,2S
9:37:06,41.21,2,2S
9:37:06,41.23,2,2B
9:37:06,41.23,1,2S
9:37:06,41.23,1,2S
9:37:07,41.23,1,2S
9:37:07,41.23,1,2S
9:37:07,41.23,1,2S
9:37:07,41.23,1,2S
9:37:07,41.23,1,2S
9:37:07,41.23,1,2S
9:37:07,41.23,1,2S
9:37:09,41.21,1,2S
9:37:09,41.21,1,2S
9:37:09,41.21,1,2S
9:37:09,41.23,1,SC
9:37:09,41.21,1,2S
9:37:09,41.23,1,SC
9:37:09,41.23,1,SC
9:37:09,41.27,1,SC
9:37:09,41.28,1,SC
9:37:09,41.23,1,SC
9:37:09,41.23,1,SC
9:37:09,41.23,1,SC
9:37:09,41.23,1,SC
9:37:09,41.23,1,SC
9:37:09,41.23,1,SC
9:37:09,41.23,1,SC
9:37:09,41.23,1,SC
9:37:09,41.23,1,SC
9:37:09,41.23,1,SC
9:37:09,41.23,1,SC
9:37:09,41.23,1,SC
9:37:09,41.23,1,SC
9:37:09,41.23,1,SC
9:37:09,41.23,1,SC
9:37:09,41.23,1,SC
9:37:09,41.23,1,SC
9:37:10,41.21,4,2S
9:37:12,41.2,1,2S
9:37:12,41.2,1,2S
9:37:12,41.2,1,2S
9:37:12,41.2,1,2S
9:37:12,41.2,1,2S
9:37:12,41.2,1,2S
9:37:12,41.2,1,2S
9:37:12,41.2,1,2S
9:37:12,41.2,1,2S
9:37:12,41.2,1,2S
9:37:12,41.2,1,2S
9:37:12,41.2,1,2S
9:37:12,41.2,1,2S
9:37:12,41.2,1,2S
9:37:12,41.2,1,2S
9:37:12,41.26,1,SC
9:37:12,41.2,1,2S
9:37:12,41.23,1,2S
9:37:12,41.2,1,2S
9:37:12,41.2,1,2S
9:37:12,41.2,1,2S
9:37:12,41.2,1,2S
9:37:12,41.2,1,2S
9:37:12,41.2,1,2S
9:37:12,41.2,1,2S
9:37:12,41.2,1,2S
9:37:13,41.2,7,2S
9:37:13,41.2,7,2S
9:37:14,41.21,1,2S
9:37:15,41.2,1,SC
9:37:15,41.2,1,SC
9:37:15,41.2,1,SC
9:37:15,41.2,1,SC
9:37:15,41.2,1,SC
9:37:15,41.19,4,2S
9:37:15,41.19,1,2S
9:37:15,41.19,1,2S
9:37:15,41.2,1,SC
9:37:15,41.2,1,SC
9:37:15,41.2,1,SC
9:37:15,41.2,1,SC
9:37:15,41.2,1,SC
9:37:15,41.2,1,SC
9:37:15,41.2,1,SC
9:37:15,41.2,1,SC
9:37:15,41.2,1,SC
9:37:15,41.2,1,SC
9:37:15,41.2,1,SC
9:37:15,41.2,1,SC
9:37:16,41.21,4,SC
9:37:16,41.19,5,2S
9:37:16,41.19,6,2S
9:37:18,41.18,1,2S
9:37:18,41.18,1,2S
9:37:18,41.18,1,2S
9:37:18,41.18,1,2S
9:37:18,41.18,1,2S
9:37:18,41.18,1,2S
9:37:18,41.18,1,2S
9:37:18,41.18,1,2S
9:37:18,41.18,1,2S
9:37:18,41.18,1,2S
9:37:18,41.18,1,2S
9:37:18,41.18,1,2S
9:37:18,41.18,1,2S
9:37:18,41.18,1,2S
9:37:18,41.18,1,2S
9:37:18,41.18,1,2S
9:37:18,41.18,1,2S
9:37:18,41.18,1,2S
9:37:19,41.2,7,SC
9:37:19,41.2,7,SC
9:37:19,41.2,1,2B
9:37:21,41.17,1,2S
9:37:21,41.17,1,2S
9:37:21,41.21,4,2B
9:37:21,41.18,1,SC
9:37:21,41.18,1,SC
9:37:21,41.17,3,2B
9:37:21,41.17,1,2S
9:37:21,41.17,1,2S
9:37:21,41.17,1,2S
9:37:21,41.18,1,SC
9:37:21,41.18,1,SC
9:37:21,41.18,1,SC
9:37:21,41.17,1,2S
9:37:21,41.18,1,SC
9:37:21,41.18,1,SC
9:37:22,41.19,5,SC
9:37:22,41.19,6,SC
9:37:22,41.17,1,2S
9:37:22,41.17,1,2S
9:37:22,41.25,10,2B
9:37:24,41.25,3,2S
9:37:24,41.25,1,2S
9:37:24,41.24,3,2S
9:37:24,41.25,1,2S
9:37:24,41.25,1,2S
9:37:24,41.27,1,2S
9:37:24,41.25,1,2S
9:37:24,41.25,1,2S
9:37:24,41.25,1,2S
9:37:24,41.25,1,2S
9:37:24,41.25,1,2S
9:37:24,41.25,1,2S
9:37:24,41.25,5,2S
9:37:24,41.25,5,2S
9:37:27,41.24,1,2S
9:37:29,41.15,3,2B
9:37:29,41.08,2,2B
9:37:29,41.21,1,2B
9:37:30,41.25,1,SC
9:37:30,41.25,1,SC
9:37:30,41.25,1,SC
9:37:30,41.25,1,SC
9:37:30,41.25,1,SC
9:37:30,41.25,1,SC
9:37:30,41.25,1,SC
9:37:30,41.25,1,SC
9:37:30,41.25,5,SC
9:37:30,41.25,5,SC
9:37:30,41.25,1,2S
9:37:32,40.83,1,2S
9:37:32,41.25,1,2S
9:37:33,41.24,2,SC
9:37:33,41.15,3,2B
9:37:36,41.24,1,2S
9:37:36,41.15,1,2B
9:37:39,41.24,1,2B
9:37:42,41.23,1,2S
9:37:43,41.23,1,2B
9:37:46,41.16,1,2B
9:37:48,41.15,3,BC
9:37:48,41.16,2,2B
9:37:51,41.14,1,2B
9:37:54,40.81,1,2S
9:37:57,41.16,1,2S
9:37:57,41.16,1,2S
9:37:57,41.16,1,2S
9:37:57,41.16,1,2S
9:37:57,41.16,1,2S
9:37:57,41.16,1,2S
9:37:57,41.16,2,2B
9:37:57,41.15,1,BC
9:37:57,41.12,1,2B
9:38:00,41.25,1,SC
9:38:00,41.27,1,SC
9:38:00,41.24,1,SC
9:38:00,41.15,2,2S
9:38:00,41.15,1,2S
9:38:00,41.16,1,SC
9:38:00,41.16,1,SC
9:38:00,41.24,1,2B
9:38:03,41.15,1,BC
9:38:03,41.24,1,2S
9:38:03,41.24,1,2S
9:38:03,41.24,1,2S
9:38:03,41.24,1,2S
9:38:03,41.24,1,2S
9:38:03,41.25,1,2S
9:38:03,41.24,1,2S
9:38:03,41.24,1,2S
9:38:03,41.24,3,2B
9:38:03,41.25,1,2S
9:38:03,41.24,3,2B
9:38:03,41.24,1,2S
9:38:03,41.24,1,2S
9:38:03,41.24,1,2S
9:38:03,41.24,1,2S
9:38:03,41.24,1,2S
9:38:03,41.14,1,BC
9:38:05,41.23,1,2B
9:38:06,41.23,6,2S
9:38:06,41.23,1,2S
9:38:06,41.23,1,2S
9:38:06,41.23,1,2S
9:38:06,41.23,1,2S
9:38:06,41.23,1,2S
9:38:06,41.23,1,2S
9:38:06,41.23,1,2S
9:38:06,41.23,1,2S
9:38:06,41.23,1,2S
9:38:06,41.23,1,2S
9:38:06,41.23,1,2S
9:38:06,41.23,1,2S
9:38:06,41.23,1,2S
9:38:07,41.16,2,2B
9:38:08,41.12,1,BC
9:38:08,41.15,1,2B
9:38:08,41.24,5,2B
9:38:09,41.23,1,SC
9:38:09,41.23,1,SC
9:38:09,41.16,1,2B
9:38:09,41.23,1,SC
9:38:09,41.23,1,SC
9:38:09,41.24,1,SC
9:38:09,41.43,1,2B
9:38:09,41.24,1,SC
9:38:10,41.23,16,2S
9:38:10,41.23,21,2S
9:38:10,40.65,10,2B
9:38:11,41.23,21,2S
9:38:11,41.24,1,2S
9:38:12,41.16,1,2S
9:38:12,41.16,1,2S
9:38:12,41.16,1,2S
9:38:12,41.16,3,2S
9:38:12,41.16,2,2S
9:38:12,41.23,1,SC
9:38:12,41.16,3,2S
9:38:12,41.22,5,2S
9:38:12,41.16,2,2S
9:38:12,41.16,1,2B
9:38:12,41.23,1,SC
9:38:12,41.16,1,2S
9:38:12,41.16,1,2S
9:38:12,41.23,1,SC
9:38:12,41.23,1,SC
9:38:12,41.16,3,2S
9:38:12,41.16,3,2S
9:38:12,41.12,1,2S
9:38:13,41.24,1,SC
9:38:13,41.24,1,SC
9:38:14,41.24,1,SC
9:38:14,41.22,1,2S
9:38:15,41.15,3,2S
9:38:15,41.15,2,2S
9:38:15,41.15,3,2S
9:38:15,41.15,3,2S
9:38:15,41.15,10,2S
9:38:15,41.15,1,2S
9:38:15,41.15,1,2S
9:38:15,41.23,1,SC
9:38:15,41.24,1,SC
9:38:15,41.25,1,SC
9:38:15,41.15,6,2S
9:38:15,41.15,10,2S
9:38:15,41.15,1,2S
9:38:15,41.15,1,2S
9:38:15,41.15,2,2S
9:38:15,41.15,7,2S
9:38:15,41.15,6,2S
9:38:15,41.25,1,SC
9:38:15,41.16,1,SC
9:38:15,41.16,1,SC
9:38:15,41.24,1,2B
9:38:15,41.15,10,2S
9:38:15,41.15,10,2S
9:38:15,41.14,12,2S
9:38:16,41.23,1,SC
9:38:16,41.23,1,SC
9:38:16,41.05,1,2S
9:38:17,41.23,1,SC
9:38:17,41.14,1,2S
9:38:17,41.14,2,2S
9:38:18,41.13,4,2S
9:38:18,41.13,4,2S
9:38:18,41.13,1,2S
9:38:18,41.13,1,2S
9:38:18,41.06,1,2S
9:38:18,41.15,1,SC
9:38:18,41.15,1,SC
9:38:18,41.14,2,SC
9:38:18,41.09,1,2S
9:38:18,41.15,6,SC
9:38:18,41.14,1,SC
9:38:18,41.12,1,2S
9:38:18,41.13,2,2B
9:38:18,41.13,4,2S
9:38:18,41.13,1,2S
9:38:18,41.2,1,2B
9:38:18,41.13,4,2S
9:38:18,41.14,2,2S
9:38:18,41.13,1,2S
9:38:18,41.14,1,2S
9:38:18,41.16,2,SC
9:38:18,41.09,3,2S
9:38:18,41.13,1,2S
9:38:18,41.03,1,2S
9:38:18,41.13,1,2S
9:38:18,41.13,2,2S
9:38:18,41.16,2,SC
9:38:18,41.11,1,2S
9:38:18,41.12,3,2S
9:38:19,41.22,1,SC
9:38:19,41.16,3,SC
9:38:19,41.16,3,SC
9:38:19,41.13,4,2S
9:38:19,41.13,4,2S
9:38:19,41.23,16,SC
9:38:20,41.14,1,2S
9:38:20,41.03,1,2S
9:38:20,41.14,1,2B
9:38:20,41.08,1,2S
9:38:21,41.06,5,2S
9:38:21,41.13,1,SC
9:38:21,41.09,11,2S
9:38:21,41.1,8,2S
9:38:21,41.13,2,SC
9:38:21,41.13,1,SC
9:38:21,41.1,1,2S
9:38:21,41.1,1,2S
9:38:21,41.1,1,2S
9:38:21,41.1,1,2S
9:38:21,41.1,1,2S
9:38:21,41.1,1,2S
9:38:21,41.1,1,2S
9:38:21,41.15,1,SC
9:38:21,41.13,1,SC
9:38:21,41.13,1,SC
9:38:21,41.15,6,SC
9:38:21,41.09,9,2S
9:38:22,41.02,1,2S
9:38:22,41.16,2,SC
9:38:22,41.16,3,SC
9:38:22,41.08,3,2S
9:38:22,41.15,10,SC
9:38:22,41.15,10,SC
9:38:22,41.1,1,2S
9:38:22,41.1,1,2S
9:38:22,41.13,16,2S
9:38:23,41.23,21,SC
9:38:24,41.06,2,2S
9:38:24,41.06,1,2S
9:38:24,41.06,2,2S
9:38:24,41.3,3,2S
9:38:24,41.06,4,2S
9:38:24,41.22,5,SC
9:38:24,41.1,1,SC
9:38:24,41.1,1,SC
9:38:24,41.06,1,2S
9:38:24,41.06,2,2S
9:38:24,41.06,2,2S
9:38:24,41.06,2,2S
9:38:24,41.06,1,2S
9:38:24,41.06,5,2S
9:38:24,41.14,1,SC
9:38:24,41.06,1,2S
9:38:24,41.06,5,2S
9:38:24,41.06,1,2S
9:38:24,41.14,2,2B
9:38:24,40.66,1,2S
9:38:24,41.13,2,SC
9:38:24,41.05,1,2S
9:38:24,40.97,2,2S
9:38:24,40.97,1,2S
9:38:24,40.97,1,2S
9:38:24,41.13,16,SC
9:38:24,41.08,1,2S
9:38:24,41.05,1,2S
9:38:24,41.11,21,2S
9:38:25,41.15,10,SC
9:38:25,41.15,2,SC
9:38:25,41.15,10,SC
9:38:25,41.15,1,SC
9:38:25,41.15,7,SC
9:38:25,41.13,4,SC
9:38:25,41.13,4,SC
9:38:25,41.06,8,2S
9:38:25,41.06,8,2S
9:38:25,41.11,21,SC
9:38:26,39.8,5,2B
9:38:26,41.07,21,2S
9:38:26,41.07,16,2S
9:38:27,41.02,1,2S
9:38:27,41.02,4,2S
9:38:27,41.03,3,2S
9:38:27,41.03,1,2S
9:38:27,41.03,1,2S
9:38:27,41.03,1,2S
9:38:27,41.1,1,SC
9:38:27,41.05,1,SC
9:38:27,41.03,3,2S
9:38:27,41.05,1,2S
9:38:27,41.03,2,2S
9:38:27,41.03,3,2S
9:38:27,41.04,5,2S
9:38:27,41.03,2,2S
9:38:27,41.06,1,SC
9:38:27,41.06,1,SC
9:38:27,41.1,4,2S
9:38:27,41.1,1,SC
9:38:28,41.04,1,2S
9:38:28,41.13,4,SC
9:38:28,41.13,1,SC
9:38:28,41.13,4,SC
9:38:28,41.13,1,SC
9:38:28,41.13,5,2S
9:38:28,41.1,1,SC
9:38:28,41.1,1,SC
9:38:28,41.03,3,2S
9:38:28,41.03,3,2S
9:38:28,41.07,16,SC
9:38:29,41.02,1,2S
9:38:29,41.02,3,2S
9:38:29,41.08,1,SC
9:38:29,41.02,24,2S
9:38:29,41.07,21,SC
9:38:29,41.04,16,2S
9:38:30,41.01,5,2S
9:38:30,41.01,8,2S
9:38:30,41.01,5,2S
9:38:30,41.03,1,SC
9:38:30,41.03,1,SC
9:38:30,40.97,1,2S
9:38:30,41.01,11,2S
9:38:30,41.01,11,2S
9:38:30,41.01,1,2S
9:38:30,41.01,1,2S
9:38:30,41.01,3,2S
9:38:30,41.01,1,2S
9:38:30,41.06,2,SC
9:38:30,41.01,3,2S
9:38:30,41.01,4,2S
9:38:30,41.01,1,2S
9:38:30,41.02,2,2B
9:38:30,41.02,5,2B
9:38:30,41.01,3,2S
9:38:30,37.58,8,2S
9:38:30,41.06,5,SC
9:38:30,40.97,12,2S
9:38:31,41.04,21,2S
9:38:31,41.02,2,2S
9:38:31,40.97,1,2S
9:38:31,40.97,7,2S
9:38:31,40.97,1,2S
9:38:31,40.97,1,2S
9:38:31,41.1,1,SC
9:38:31,41.1,1,SC
9:38:31,41,9,2S
9:38:31,41.1,1,SC
9:38:31,41.06,8,SC
9:38:31,41.06,8,SC
9:38:31,41.01,18,2S
9:38:31,41.01,7,2S
9:38:32,41.04,1,SC
9:38:32,41.04,16,SC
9:38:33,41,1,2S
9:38:33,41,6,2S
9:38:33,41,2,2S
9:38:33,41,5,2S
9:38:33,40.92,1,2S
9:38:33,40.99,1,2S
9:38:33,40.97,5,2S
9:38:33,41.01,1,SC
9:38:33,41.01,3,SC
9:38:33,41,3,2B
9:38:33,41.03,2,SC
9:38:33,41.25,1,SC
9:38:33,41.01,1,2S
9:38:34,41.06,5,SC
9:38:34,41.02,16,2S
9:38:34,41.06,2,SC
9:38:34,41.06,2,SC
9:38:34,41,4,2S
9:38:34,41.06,1,SC
9:38:34,41.03,3,SC
9:38:34,41.03,3,SC
9:38:34,41,24,2S
9:38:34,41,13,2S
9:38:34,41.04,21,SC
9:38:35,41,21,2S
9:38:35,41.01,1,2S
9:38:35,40.89,8,2S
9:38:35,41.4,4,SC
9:38:35,41.47,1,SC
9:38:35,41.01,1,SC
9:38:35,41,1,2S
9:38:36,41.02,16,SC
9:38:36,41.05,1,SC
9:38:36,41.01,1,SC
9:38:36,40.88,1,2S
9:38:36,40.88,5,2B
9:38:36,40.88,1,2S
9:38:36,41.23,21,SC
9:38:36,40.82,1,2S
9:38:36,41.01,3,SC
9:38:36,41.16,2,2S
9:38:36,41.01,7,SC
9:38:36,41.01,18,SC
9:38:36,40.88,1,2S
9:38:37,41,16,2S
9:38:37,40.97,1,2S
9:38:37,41.03,3,SC
9:38:37,41.03,1,SC
9:38:37,41.03,3,SC
9:38:37,40.88,1,2S
9:38:37,41.03,2,SC
9:38:37,41.03,3,SC
9:38:37,41,21,2S
9:38:38,41,21,SC
9:38:39,41,16,SC
9:38:39,41.02,2,SC
9:38:39,40.88,21,2S
9:38:39,40.88,1,2S
9:38:39,41,21,SC
9:38:39,40.89,1,2S
9:38:39,41.04,5,SC
9:38:39,37.58,8,2S
9:38:39,41,13,SC
9:38:39,41,12,SC
9:38:39,41,1,SC
9:38:39,40.89,1,2B
9:38:39,40.81,1,2S
9:38:39,41.41,3,SC
9:38:40,40.88,16,2S
9:38:40,40.88,21,2S
9:38:40,41.01,4,SC
9:38:40,41.01,1,SC
9:38:40,41.01,11,SC
9:38:40,41.01,1,SC
9:38:40,41.01,3,SC
9:38:40,41.1,4,SC
9:38:40,41.01,4,SC
9:38:41,40.88,1,2S
9:38:42,40.89,3,SC
9:38:42,41.08,2,SC
9:38:42,41,6,2B
9:38:42,40.89,1,2S
9:38:43,40.81,6,2B
9:38:43,41.09,9,SC
9:38:43,41.12,3,SC
9:38:45,40.88,11,2B
9:38:45,40.89,1,2B
9:38:46,40.82,6,2B
9:38:46,41.13,5,SC
9:38:47,40.71,2,2B
9:38:47,40.56,3,BC
9:38:48,40.88,7,2B
9:38:48,40.97,1,SC
9:38:48,40.89,7,2B
9:38:48,40.89,3,2B
9:38:49,40.83,2,2B
9:38:49,40.83,3,2B
9:38:49,45.6,30,2S
9:38:49,40.88,22,2B
9:38:50,40.84,12,2B
9:38:50,40.88,2,2B
9:38:50,40.89,2,2B
9:38:50,40.89,2,2B
9:38:50,40.89,2,BC
9:38:50,40.85,6,2B
9:38:51,40.89,4,2B
9:38:51,41,2,2S
9:38:52,40.9,1,2B
9:38:52,40.88,1,2B
9:38:53,41.28,1,SC
9:38:53,40.82,1,2S
9:38:54,40.88,10,2B
9:38:54,41,1,2S
9:38:55,40.73,1,2B
9:38:55,40.9,1,2B
9:38:55,40.9,7,2B
9:38:57,40.9,2,2B
9:38:57,41,3,2B
9:38:57,40.84,12,BC
9:38:57,41.14,2,SC
9:38:57,40.9,2,2B
9:38:57,40.9,2,2B
9:38:58,40.88,40,2B
9:38:58,40.91,1,2B
9:38:58,40.99,2,2S
9:38:58,40.9,2,2B
9:38:58,40.9,2,2B
9:38:58,40.9,2,2B
9:39:00,41.1,8,SC
9:39:00,40.99,2,2B
9:39:00,40.92,28,2B
9:39:00,40.92,9,2B
9:39:00,40.92,10,2B
9:39:00,40.88,40,BC
9:39:00,40.99,2,2B
9:39:00,41.01,2,2B
9:39:00,40.99,2,2B
9:39:00,40.92,28,BC
9:39:00,40.92,9,BC
9:39:00,40.92,10,BC
9:39:00,40.99,2,2B
9:39:00,40.99,2,2B
9:39:00,40.99,2,2B
9:39:00,41.01,1,BC
9:39:01,40.52,3,2B
9:39:01,40.88,32,2B
9:39:01,40.99,2,2B
9:39:01,40.99,2,2B
9:39:01,41,1,2B
9:39:01,40.5,2,2B
9:39:01,40.99,8,2B
9:39:02,40.99,1,2B
9:39:03,41.14,2,2B
9:39:03,40.81,6,BC
9:39:04,41.15,2,2B
9:39:04,40.73,1,BC
9:39:04,40.91,20,2B
9:39:05,40.82,5,2B
9:39:05,40.88,32,BC
9:39:05,40.9,1,2B
9:39:05,41,1,2B
9:39:06,41.09,4,2S
9:39:06,41.15,2,2S
9:39:06,40.99,1,2B
9:39:06,41.16,3,2B
9:39:06,41.01,21,2B
9:39:06,41.01,40,2B
9:39:06,41.01,20,2B
9:39:06,41.15,1,2S
9:39:06,40.59,1,2S
9:39:06,41.15,5,2S
9:39:06,40.99,2,BC
9:39:06,41.15,1,2S
9:39:06,40.99,2,BC
9:39:06,40.99,2,BC
9:39:06,40.99,2,BC
9:39:06,40.82,6,BC
9:39:07,41.02,2,2B
9:39:07,41.01,20,BC
9:39:07,41.01,40,BC
9:39:07,41.01,20,BC
9:39:07,40.9,1,2B
9:39:09,41.16,1,2S
9:39:09,41.16,1,2B
9:39:09,41.03,9,2B
9:39:09,41.14,2,2S
9:39:09,40.83,3,BC
9:39:09,40.83,2,BC
9:39:10,41.01,1,2B
9:39:10,40.99,2,BC
9:39:10,41.04,2,2B
9:39:10,40.99,2,BC
9:39:10,40.99,2,BC
9:39:11,45.94,5,SC
9:39:11,41.09,3,2S
9:39:12,41.09,3,2B
9:39:12,41.09,3,2B
9:39:12,41.09,3,2B
9:39:12,41.14,2,SC
9:39:12,40.88,2,BC
9:39:13,41.1,1,2B
9:39:13,40.9,1,BC
9:39:13,40.9,2,2B
9:39:14,41.01,1,BC
9:39:15,40.87,30,2B
9:39:15,40.9,1,BC
9:39:16,41.11,2,2B
9:39:16,45.94,1,2B
9:39:17,40.99,8,BC
9:39:17,40.9,20,2B
9:39:18,41.15,7,2B
9:39:18,40.91,1,BC
9:39:18,41.09,1,2B
9:39:19,41.16,2,2B
9:39:19,40.9,1,2B
9:39:20,41.09,1,BC
9:39:21,41.16,1,2B
9:39:21,41.16,1,2B
9:39:21,41.19,1,2B
9:39:21,41.09,3,BC
9:39:21,41.16,1,2B
9:39:21,41.16,1,2B
9:39:21,41.16,1,2B
9:39:21,41.16,1,2B
9:39:21,41.16,1,2B
9:39:21,41.16,1,2B
9:39:21,41.16,1,2B
9:39:21,41.18,1,2B
9:39:21,41,1,BC
9:39:23,41.14,2,2S
9:39:23,41.15,5,2B
9:39:24,41.27,1,2S
9:39:24,41.27,1,2S
9:39:24,41.09,3,2B
9:39:27,40.99,1,BC
9:39:27,41.27,1,2B
9:39:27,41.27,1,2B
9:39:27,41.16,1,BC
9:39:27,41.16,1,BC
9:39:27,41.04,25,2B
9:39:27,41.02,2,BC
9:39:27,44.7,20,2S
9:39:29,41.11,2,2B
9:39:30,41.16,4,2B
9:39:30,41.27,1,2B
9:39:30,41.15,2,BC
9:39:30,41.04,2,BC
9:39:31,41.09,3,BC
9:39:31,41.16,1,BC
9:39:31,41.16,1,BC
9:39:31,41.16,1,BC
9:39:32,42.69,3,2S
9:39:33,40.81,1,2B
9:39:33,41.1,1,BC
9:39:34,40.9,2,2B
9:39:34,40.9,1,2B
9:39:35,40.81,1,2B
9:39:35,40.91,2,2B
9:39:35,41.87,10,SC
9:39:36,40.85,1,2S
9:39:36,41.27,1,2B
9:39:36,41.11,2,BC
9:39:39,41.17,1,2B
9:39:41,41.27,1,2B
9:39:41,41.27,1,2S
9:39:41,40.9,2,2B
9:39:42,41.16,1,BC
9:39:42,41.16,1,BC
9:39:42,41.16,4,BC
9:39:42,41.17,4,2B
9:39:46,41.09,3,BC
9:39:47,44.1,65,2S
9:39:49,41.3,1,2B
9:39:50,41,10,2B
9:39:51,41.17,1,2S
9:39:51,41.41,1,2S
9:39:51,41.41,1,2S
9:39:53,41.17,3,2S
9:39:53,41.27,1,2S
9:39:54,40.91,2,2B
9:39:54,41.17,1,2S
9:39:54,41.17,4,2B
9:39:54,41.17,1,2S
9:39:54,39.18,3,2B
9:39:54,41.27,1,SC
9:39:55,40,1,2B
9:39:57,41.17,1,2S
9:39:58,41.39,5,2S
9:39:58,41.65,10,2S
9:39:58,41.45,2,2S
9:40:00,41.29,1,2S
9:40:00,41.17,1,2S
9:40:00,41.17,1,2S
9:40:00,41.29,2,2S
9:40:00,41.17,2,2S
9:40:00,41.17,1,2S
9:40:00,41.17,2,2S
9:40:00,41.17,2,2S
9:40:00,41.17,2,2S
9:40:00,41.17,3,2B
9:40:00,41.29,1,2S
9:40:00,40.9,7,BC
9:40:01,40.8,66,2B
9:40:03,41.15,1,2S
9:40:03,41.15,1,2S
9:40:03,41.15,1,2S
9:40:03,41.15,1,2S
9:40:03,41.15,1,2S
9:40:03,41.15,1,2S
9:40:03,41.11,5,2B
9:40:03,41.15,1,2S
9:40:03,41.15,1,2S
9:40:03,41.15,1,2S
9:40:03,41.15,1,2S
9:40:03,41.15,1,2S
9:40:03,41.15,1,2S
9:40:03,41.15,1,2S
9:40:03,41.15,1,2S
9:40:03,41.15,1,2S
9:40:03,41.15,1,2S
9:40:03,41.15,1,2S
9:40:03,41.15,1,2S
9:40:03,41.15,1,2S
9:40:03,41.16,1,2S
9:40:03,41.15,1,2S
9:40:03,41.15,3,2S
9:40:03,41.15,3,2S
9:40:03,41.29,1,SC
9:40:03,41.15,3,2S
9:40:03,41.15,1,2S
9:40:03,41.15,1,2S
9:40:03,41.15,1,2S
9:40:04,40.9,1,2B
9:40:04,41.14,4,2S
9:40:04,41.14,1,2S
9:40:04,40.85,6,BC
9:40:06,41.03,9,BC
9:40:06,41.11,1,2S
9:40:06,41.11,1,2S
9:40:06,41.11,1,2S
9:40:06,41.11,1,2S
9:40:06,41.11,1,2S
9:40:06,41.11,2,2S
9:40:06,41.11,2,2S
9:40:06,41.11,2,2S
9:40:06,41.15,1,SC
9:40:06,41.15,1,SC
9:40:06,41.15,1,SC
9:40:06,41.15,1,SC
9:40:06,41.15,1,SC
9:40:06,41.15,1,SC
9:40:06,41.11,7,2S
9:40:06,41.11,1,2S
9:40:06,41.15,1,SC
9:40:06,41.15,1,SC
9:40:06,41.11,1,2S
9:40:06,41.41,1,SC
9:40:06,41.11,7,2S
9:40:06,41.11,3,2S
9:40:06,41.41,1,SC
9:40:06,41.17,2,SC
9:40:06,41.09,1,2B
9:40:06,41.09,2,2S
9:40:06,41.09,1,2S
9:40:06,41.11,3,2S
9:40:06,41.14,1,2S
9:40:06,41.15,1,SC
9:40:06,41.09,1,SC
9:40:06,41.09,1,SC
9:40:07,41.15,1,SC
9:40:07,41.1,5,2S
9:40:07,41.11,2,SC
9:40:07,41.11,2,SC
9:40:07,41.15,1,SC
9:40:07,41.15,1,SC
9:40:07,41.15,1,SC
9:40:07,41.15,1,SC
9:40:07,41.15,1,SC
9:40:07,41.15,1,SC
9:40:07,41.11,2,2S
9:40:08,41.14,1,2B
9:40:09,41.04,1,2S
9:40:09,41.04,1,2S
9:40:09,41.04,1,2S
9:40:09,41.04,1,2S
9:40:09,41.04,1,2S
9:40:09,41.11,1,SC
9:40:09,41.05,4,2B
9:40:09,41.05,4,2S
9:40:09,41.04,1,2S
9:40:09,41.11,1,SC
9:40:09,41.04,2,2S
9:40:09,41.14,1,SC
9:40:09,41.04,1,2S
9:40:09,41.09,1,2S
9:40:09,41.04,1,2S
9:40:09,41.15,3,SC
9:40:10,41.11,1,2S
9:40:10,42.8,1,2S
9:40:10,41.08,10,2S
9:40:10,41.04,15,2S
9:40:10,41.17,2,SC
9:40:10,41.17,2,SC
9:40:10,41.04,1,2S
9:40:11,41.04,4,2S
9:40:11,41.04,1,2S
9:40:11,41.04,1,2S
9:40:11,41.04,1,2S
9:40:11,41.04,2,2S
9:40:11,41.04,1,2S
9:40:12,40.9,2,BC
9:40:12,40.9,2,BC
9:40:12,41,1,2S
9:40:12,41,1,2S
9:40:12,41,1,2S
9:40:12,41.29,2,SC
9:40:12,41.11,3,SC
9:40:12,41,2,2S
9:40:12,41.09,1,SC
9:40:12,41,2,2S
9:40:12,41,3,2S
9:40:12,41,1,2S
9:40:12,41,1,2S
9:40:12,40.99,1,2S
9:40:12,40.99,1,2S
9:40:12,41,1,2S
9:40:12,41.03,1,2S
9:40:12,40.99,1,SC
9:40:12,40.9,2,BC
9:40:12,41.04,1,SC
9:40:13,41.04,1,SC
9:40:13,41.04,1,SC
9:40:13,41.04,2,SC
9:40:13,41.04,1,SC
9:40:13,41.04,4,SC
9:40:13,41.04,1,SC
9:40:13,40.9,2,BC
9:40:13,40.9,2,BC
9:40:13,41.15,1,SC
9:40:13,40.9,2,BC
9:40:13,41.15,3,SC
9:40:13,41.15,3,SC
9:40:13,41.15,1,SC
9:40:15,40.89,4,BC
9:40:15,40.92,3,2B
9:40:16,41.11,7,SC
9:40:16,41.11,7,SC
9:40:16,40.58,1,2S
9:40:16,41.11,3,SC
9:40:18,40.92,1,2S
9:40:18,40.93,1,2B
9:40:18,40.92,1,2S
9:40:18,41.03,1,SC
9:40:18,40.92,1,2S
9:40:18,40.75,1,2S
9:40:18,40.92,1,2S
9:40:18,40.92,1,2S
9:40:18,40.92,1,2S
9:40:18,40.92,1,2S
9:40:18,40.92,1,2S
9:40:18,40.92,1,2S
9:40:20,40.93,3,2B
9:40:20,41.39,5,SC
9:40:20,41.04,18,2S
9:40:21,40.51,1,2S
9:40:21,40.91,1,2S
9:40:21,41,1,SC
9:40:21,41,1,SC
9:40:21,40.95,1,2B
9:40:21,40.92,1,SC
9:40:21,40.92,1,SC
9:40:21,40.92,3,2B
9:40:21,40.92,3,2B
9:40:21,40.91,1,2S
9:40:24,40.92,1,2S
9:40:24,40.92,1,2S
9:40:24,40.92,1,2S
9:40:24,40.92,1,2S
9:40:24,41.14,1,SC
9:40:24,41.14,4,SC
9:40:25,40.92,1,2S
9:40:29,41.1,4,SC
9:40:30,40.94,1,2B
9:40:30,40.1,1,2S
9:40:30,40.92,8,2B
9:40:30,41.04,1,2B
9:40:30,40.92,1,2B
9:40:31,41.08,10,SC
9:40:31,40.5,3,2B
9:40:31,40.92,4,2B
9:40:31,40.93,18,2B
9:40:33,40.92,2,2B
9:40:33,40.93,2,2B
9:40:33,41.29,1,SC
9:40:34,40.94,2,2B
9:40:34,40.93,18,BC
9:40:34,40.89,3,2B
9:40:35,40.92,4,BC
9:40:36,40.94,1,2S
9:40:36,40.94,1,2S
9:40:36,40.93,2,BC
9:40:36,40.94,3,2B
9:40:36,41.16,1,SC
9:40:37,40.95,3,2B
9:40:38,41.03,1,2S
9:40:39,40.94,3,BC
9:40:39,40.95,2,2B
9:40:39,41.28,3,2S
9:40:39,40.9,1,2B
9:40:40,40.96,3,2B
9:40:41,40.03,50,BC
9:40:42,40.55,1,2S
9:40:42,40.95,2,BC
9:40:42,40.96,2,2B
9:40:43,40.95,1,2B
9:40:43,40.97,2,2B
9:40:45,40.96,2,BC
9:40:45,40.97,3,2B
9:40:45,40.94,6,2B
9:40:46,40.55,1,2S
9:40:46,41.02,1,2S
9:40:47,40.9,1,BC
9:40:57,41.42,90,2S
9:40:57,40.97,20,2S
9:40:58,41.02,1,2B
9:40:59,40.93,1,2B
9:40:59,40.97,1,2S
9:41:00,41.42,12,SC
9:41:00,40.96,1,2S
9:41:00,40.96,1,2S
9:41:00,40.96,2,2S
9:41:00,40.96,2,2S
9:41:00,40.96,2,2S
9:41:00,40.77,1,2B
9:41:01,40.9,1,2B
9:41:02,45.71,1,2S
9:41:03,40.54,1,2S
9:41:03,40.94,6,BC
9:41:03,40.95,2,2B
9:41:03,40.96,6,2B
9:41:03,40.95,3,2S
9:41:06,40.97,1,2B
9:41:06,40.55,1,2S
9:41:06,40.95,1,2S
9:41:07,40.93,3,2B
9:41:07,40.97,1,2B
9:41:08,40.92,1,BC
9:41:08,40.5,5,2B
9:41:08,42,3,SC
9:41:09,40.96,2,2B
9:41:09,41.03,1,SC
9:41:09,40.97,1,SC
9:41:10,40.93,1,2S
9:41:12,40.97,13,2B
9:41:12,40.97,3,2B
9:41:12,40.97,3,2B
9:41:12,40.97,5,2B
9:41:12,40.97,2,2B
9:41:12,40.97,8,2B
9:41:12,40.6,2,2B
9:41:14,40.97,1,2S
9:41:14,40.97,1,2S
9:41:15,40.9,3,2B
9:41:16,40.8,2,2B
9:41:17,40.97,1,2B
9:41:17,40.8,15,2B
9:41:18,40.97,3,BC
9:41:18,40.97,8,BC
9:41:18,41.02,1,SC
9:41:20,40.31,1,2B
9:41:20,40.97,1,2B
9:41:22,40.97,1,BC
9:41:22,40.97,5,BC
9:41:22,40.97,2,BC
9:41:22,41.04,2,2S
9:41:24,40.56,1,2S
9:41:24,40.96,6,2B
9:41:24,40.97,5,2B
9:41:27,40.8,2,2B
9:41:28,40.97,2,2B
9:41:29,40.7,3,BC
9:41:29,40.5,5,2B
9:41:30,41.98,12,SC
9:41:30,40.93,2,2B
9:41:32,40.94,1,2B
9:41:33,40.97,2,2B
9:41:34,40.93,2,2S
9:41:35,40.93,1,2B
9:41:37,40.56,1,2S
9:41:38,40.92,3,2B
9:41:39,41.03,1,2S
9:41:42,41.03,2,2S
9:41:42,41.03,2,2S
9:41:42,41.03,2,2S
9:41:45,40.56,1,2S
9:41:45,41.03,2,SC
9:41:45,41.02,1,2S
9:41:48,41.03,2,SC
9:41:48,41.03,2,SC
9:41:48,40.97,2,2S
9:41:50,40.97,1,2B
9:41:51,41.02,2,2S
9:41:51,41.02,2,2S
9:41:51,40.92,12,2B
9:41:54,40.82,10,2B
9:41:56,40.9,2,BC
9:41:59,41.04,3,2B
9:41:59,40.71,2,BC
9:42:00,40.98,6,2B
9:42:03,41,3,2B
9:42:03,41,2,2S
9:42:03,40.97,2,BC
9:42:03,40.91,2,BC
9:42:06,40.58,1,2S
9:42:06,41.01,3,2B
9:42:06,41.01,2,2S
9:42:08,41.7,1,SC
9:42:09,40.59,1,2S
9:42:09,41.03,1,SC
9:42:09,40.98,15,2B
9:42:14,40.92,8,BC
9:42:18,41,2,2S
9:42:18,40.37,1,2B
9:42:21,41,1,2B
9:42:21,40.99,1,2S
9:42:21,41.01,1,2B
9:42:23,41,10,2B
9:42:24,40.98,2,2B
9:42:25,41.45,6,2S
9:42:25,40.93,1,BC
9:42:25,41.02,2,2B
9:42:26,40.7,15,2B
9:42:26,41.22,1,2B
9:42:26,41.3,12,2S
9:42:27,41.04,3,2B
9:42:27,41.04,6,2B
9:42:27,41.04,10,2B
9:42:27,40.58,1,2S
9:42:27,41.04,2,2B
9:42:27,41.04,6,2B
9:42:27,41.04,11,2B
9:42:27,41.04,6,2B
9:42:27,41.04,11,2B
9:42:27,41.04,1,2B
9:42:27,41.24,1,2B
9:42:28,41.24,1,2B
9:42:29,41.86,3,2B
9:42:29,41.05,26,2B
9:42:29,41.27,5,2S
9:42:29,41.27,12,2S
9:42:29,41.27,4,2S
9:42:29,41.27,1,2S
9:42:29,41.27,26,2S
9:42:29,41.04,1,2B
9:42:29,40.9,1,BC
9:42:30,41.04,7,2S
9:42:30,41.26,12,2S
9:42:30,41.86,1,2B
9:42:30,41.27,5,SC
9:42:30,41.27,12,SC
9:42:30,41.27,4,SC
9:42:30,41.27,1,SC
9:42:30,41.27,26,SC
9:42:30,41,2,2B
9:42:30,41.04,1,2B
9:42:31,41.11,2,2B
9:42:32,41.26,3,2S
9:42:32,41.05,19,BC
9:42:32,41.26,11,SC
9:42:33,41.11,3,2B
9:42:33,41.25,1,2S
9:42:33,41.04,6,BC
9:42:33,41.05,1,2B
9:42:33,41.05,1,2B
9:42:33,41.04,11,BC
9:42:35,41.25,1,2S
9:42:36,41.05,65,2S
9:42:36,41.05,1,2B
9:42:36,41.05,1,2B
9:42:36,41.05,3,2B
9:42:36,41.05,3,2B
9:42:36,41.05,3,2B
9:42:36,41.05,37,2B
9:42:36,41.3,12,SC
9:42:37,41.27,1,2S
9:42:37,41.25,1,2S
9:42:37,41.05,1,2B
9:42:37,41.05,3,2B
9:42:37,41.05,3,2B
9:42:37,41.05,3,2B
9:42:37,41.05,10,2B
9:42:37,41.05,17,2B
9:42:37,41.05,21,2B
9:42:37,41.04,11,BC
9:42:37,41.05,21,BC
9:42:37,41.04,6,BC
9:42:37,42.09,4,2B
9:42:37,41.06,21,2B
9:42:38,41.26,1,2S
9:42:38,41.04,2,BC
9:42:38,41.11,63,2S
9:42:38,41.26,3,2B
9:42:38,41.05,17,BC
9:42:39,41.27,1,SC
9:42:39,41.1,2,2S
9:42:39,39.51,50,2B
9:42:39,41.1,5,2S
9:42:39,41.1,1,2S
9:42:39,40.51,1,2B
9:42:40,41.26,2,SC
9:42:40,41.06,21,BC
9:42:41,40.69,1,2S
9:42:41,41.93,1,2B
9:42:42,41,2,BC
9:42:42,41.1,5,SC
9:42:42,41.45,6,SC
9:42:45,41.92,2,2B
9:42:46,41.11,1,2B
9:42:47,41.13,2,2B
9:42:48,40.63,1,2S
9:42:48,41.06,2,2B
9:42:49,41.93,2,2B
9:42:51,41.05,9,2B
9:42:53,41.06,5,2B
9:42:53,42.5,3,2S
9:42:53,41.07,1,2B
9:42:53,41.1,10,2S
9:42:54,41.07,1,2S
9:42:54,41.04,1,2B
9:42:54,41.1,1,2B
9:42:57,41.06,7,2S
9:42:57,41.06,5,2S
9:42:57,41.05,9,BC
9:42:59,41,1,2B
9:43:00,41.05,2,2S
9:43:00,41.05,2,2S
9:43:00,41.05,1,2S
9:43:00,40.98,2,BC
9:43:02,41.4,12,2S
9:43:03,41.05,2,2S
9:43:03,41.06,5,SC
9:43:03,41.05,3,2S
9:43:03,41.05,3,2S
9:43:03,41.05,1,2S
9:43:03,41.05,2,2B
9:43:03,41.05,2,2S
9:43:03,41.05,3,2S
9:43:03,41.05,3,2S
9:43:03,41.05,2,2B
9:43:05,41.67,1,2S
9:43:06,41.04,1,2S
9:43:06,41.04,1,2S
9:43:06,41.04,2,2S
9:43:06,41.04,4,2S
9:43:06,41.04,4,2S
9:43:07,41.05,1,SC
9:43:07,40.9,3,BC
9:43:07,41.03,4,2S
9:43:08,41.06,3,2B
9:43:09,40.58,1,2S
9:43:09,41,5,2B
9:43:09,41.05,1,SC
9:43:10,41.07,1,2B
9:43:10,41.02,4,2S
9:43:10,41,1,2S
9:43:11,41.1,2,2B
9:43:12,41,13,2S
9:43:12,41,13,2S
9:43:12,41,6,2S
9:43:12,41,2,2S
9:43:12,41,1,2S
9:43:12,41.04,4,SC
9:43:12,41.04,4,SC
9:43:12,41,5,2S
9:43:12,41,7,2S
9:43:12,40.8,1,2B
9:43:13,40.99,3,2S
9:43:13,41.05,2,SC
9:43:13,41.05,3,SC
9:43:13,41.05,3,SC
9:43:13,41,2,2S
9:43:15,40.93,3,BC
9:43:15,40.98,7,2S
9:43:15,41,2,2B
9:43:15,40.98,14,2S
9:43:15,40.98,14,2S
9:43:15,40.98,1,2S
9:43:15,40.98,2,2S
9:43:15,40.98,4,2S
9:43:15,40.98,3,2S
9:43:15,40.98,1,2S
9:43:15,40.98,3,2S
9:43:15,40.98,3,2S
9:43:15,40.98,3,2S
9:43:15,40.97,2,2S
9:43:15,41,2,SC
9:43:15,41,1,SC
9:43:15,41.05,1,2S
9:43:16,40.97,3,2S
9:43:16,40.94,8,2S
9:43:16,40.98,1,SC
9:43:16,40.98,14,SC
9:43:16,40.93,1,2S
9:43:16,40.93,3,2S
9:43:17,41,2,SC
9:43:18,40.92,3,2S
9:43:18,40.92,2,2B
9:43:18,40.92,5,2B
9:43:18,40.92,1,2S
9:43:18,41,5,SC
9:43:18,41,7,SC
9:43:19,40.92,3,2S
9:43:19,40.91,36,2S
9:43:21,40.9,5,2S
9:43:21,40.9,17.55,2S
9:43:21,41.05,1,SC
9:43:21,40.9,13,2S
9:43:21,40.93,1,SC
9:43:21,40.98,3,SC
9:43:21,40.98,3,SC
9:43:22,40.9,5,2S
9:43:22,41,13,SC
9:43:22,41,6,SC
9:43:22,41.02,1,2S
9:43:24,40.9,5,2B
9:43:24,40.89,3,2S
9:43:24,40.5,1,2S
9:43:24,40.9,5,SC
9:43:24,40.56,1,BC
9:43:25,40.98,2,SC
9:43:25,40.98,4,SC
9:43:25,40.98,3,SC
9:43:25,40.98,1,SC
9:43:25,40.98,3,SC
9:43:26,40.91,6,2B
9:43:26,40.91,3,2S
9:43:27,40.89,7,2B
9:43:29,40.9,1,2S
9:43:29,40.51,1,2B
9:43:30,40.9,1,2B
9:43:30,40.96,1,2B
9:43:30,40.96,1,2S
9:43:30,40.48,1,2S
9:43:30,40.89,1,2S
9:43:31,40.89,1,2S
9:43:32,41.02,2,SC
9:43:33,40.91,3,2S
9:43:35,40.82,12,2B
9:43:36,40.89,1,2S
9:43:36,40.94,1,2B
9:43:36,41.3,1,2S
9:43:36,41.02,1,SC
9:43:36,40.97,2,SC
9:43:36,40.99,1,SC
9:43:37,40.9,1,2B
9:43:39,40.91,9,2B
9:43:39,40.92,10,2B
9:43:39,40.91,2,2B
9:43:39,40.9,1,2S
9:43:39,41.09,10,2S
9:43:39,40.91,2,2B
9:43:39,40.91,1,2S
9:43:40,40.49,1,2S
9:43:40,40.92,7,BC
9:43:40,40.3,2,BC
9:43:41,40.9,3,2B
9:43:41,40.89,1,2B
9:43:41,40.91,2,BC
9:43:42,39.5,1,2B
9:43:45,40.9,5,2B
9:43:45,40.51,1,2S
9:43:45,40.78,2,2B
9:43:47,40.8,2,BC
9:43:48,41.08,5,2S
9:43:50,40.92,3,2B
9:43:50,41.07,8,2S
9:43:50,41.09,10,SC
9:43:50,41.07,28,2S
9:43:51,40.92,1,2S
9:43:51,40.09,1,2B
9:43:52,40.6,3,2B
9:43:52,40.25,6,2B
9:43:52,37.58,8,2S
9:43:52,41.06,4,2S
9:43:54,41.07,28,SC
9:43:54,41.05,10,2S
9:43:54,41.07,8,SC
9:43:54,40.9,3,BC
9:43:55,41.06,1,2S
9:43:55,41.06,4,SC
9:43:55,40.75,28,2B
9:43:56,41.09,19,2S
9:43:56,41.06,12,2S
9:43:58,40.91,2,2B
9:43:59,41.04,5,2S
9:44:00,41.05,10,SC
9:44:00,41.03,28,2S
9:44:00,41.03,8,2S
9:44:00,41.03,2,2S
9:44:00,41.03,2,2S
9:44:00,41.05,3,2S
9:44:00,41.06,12,SC
9:44:01,40.5,1,2S
9:44:03,40.91,16,2S
9:44:03,41.03,28,SC
9:44:03,41.03,8,SC
9:44:03,40.91,1,2S
9:44:03,40.51,2,2B
9:44:03,40.91,2,2S
9:44:03,40.91,3,2S
9:44:03,40.91,2,2S
9:44:05,40.9,1,BC
9:44:06,41.99,17,SC
9:44:06,40.9,3,2B
9:44:06,40.91,1,SC
9:44:09,40.9,1,2S
9:44:09,40.9,1,2S
9:44:10,41.26,1,SC
9:44:11,40.9,4,2B
9:44:11,40.61,1,2B
9:44:12,41.03,2,SC
9:44:12,41.03,2,SC
9:44:12,40.9,1,2S
9:44:13,40.91,2,SC
9:44:13,40.91,3,SC
9:44:13,40.91,2,SC
9:44:15,40.49,1,2S
9:44:17,40.9,5,2S
9:44:18,40.51,1,2B
9:44:18,40.9,1,2S
9:44:18,40.88,20,2B
9:44:20,41.09,19,SC
9:44:20,41.03,2,2B
9:44:20,41.31,1,2B
9:44:21,40.9,2,2S
9:44:21,40.9,1,2S
9:44:21,40.91,2,2B
9:44:22,40.49,1,2S
9:44:23,40.91,100,2B
9:44:24,40.84,1,2B
9:44:24,41.04,3,2S
9:44:25,40.41,1,2B
9:44:27,41.03,3,2S
9:44:27,40.92,1,2B
9:44:27,40.91,1,2B
9:44:27,41.04,2,2S
9:44:29,37.58,8,2S
9:44:30,40.91,1,2S
9:44:32,40.8,1,BC
9:44:32,40.9,2,2B
9:44:32,40.46,1,2B
9:44:32,41.08,5,SC
9:44:32,41.04,5,SC
9:44:32,41.03,3,2S
9:44:33,40.89,5,2B
9:44:35,41.05,3,SC
9:44:36,41.04,3,SC
9:44:36,40.3,20,2B
9:44:38,40.56,1,2B
9:44:41,40.91,4,2B
9:44:41,40.97,1,2S
9:44:42,40.91,1,2S
9:44:42,40.91,3,2S
9:44:42,41.03,3,SC
9:44:42,40.91,18,2S
9:44:43,40.91,2,2S
9:44:43,40.91,2,2S
9:44:43,40.91,1,2S
9:44:43,40.5,1,2S
9:44:45,40.97,1,2S
9:44:45,40.5,1,2S
9:44:45,40.66,1,2B
9:44:47,40.5,20,2B
9:44:47,40.92,2,2B
9:44:47,40.91,2,2B
9:44:48,40.92,2,2S
9:44:48,40.92,8,2B
9:44:48,40.92,1,2S
9:44:48,40.91,4,BC
9:44:48,40.92,4,2B
9:44:49,40.89,1,2B
9:44:51,40.92,1,2S
9:44:54,40.92,1,2S
9:44:54,40.92,1,2S
9:44:54,40.92,1,2S
9:44:54,40.92,1,2S
9:44:55,40.91,6,2S
9:44:56,40.92,1,2S
9:44:57,40.91,10,2S
9:44:57,40.91,2,2S
9:44:57,40.91,3,2S
9:44:57,40.97,1,SC
9:44:58,40.89,1,2S
9:44:58,40.92,15,2B
9:44:58,40.87,1,2S
9:44:58,40.91,1,2S
9:44:59,40.97,2,2B
9:44:59,41.02,7,2S
9:45:00,41.01,3,2S
9:45:00,40.97,7,2S
9:45:00,41.02,2,2S
9:45:00,41.02,7,SC
9:45:00,40.97,1,2S
9:45:00,40.97,1,2S
9:45:00,40.97,1,2S
9:45:00,40.97,1,2S
9:45:00,40.97,2,2S
9:45:00,40.97,1,2S
9:45:00,40.97,1,2S
9:45:00,40.93,1,2S
9:45:00,40.92,12,2S
9:45:00,40.97,2,2S
9:45:00,40.97,1,2S
9:45:00,40.97,1,2S
9:45:00,40.97,1,2S
9:45:00,40.97,1,2S
9:45:00,40.97,1,2S
9:45:01,41.01,1,2S
9:45:01,40.9,7,2S
9:45:02,41.01,1,2S
9:45:02,41.01,1,2S
9:45:02,41.01,1,2S
9:45:02,40.97,1,SC
9:45:03,40.97,6,SC
9:45:03,40.97,1,SC
9:45:03,40.91,1,2S
9:45:03,40.97,1,SC
9:45:03,40.91,3,2S
9:45:03,40.92,4,2S
9:45:03,40.91,30,2S
9:45:03,40.88,4,2S
9:45:03,40.88,1,2S
9:45:03,40.88,1,2S
9:45:03,40.88,1,2S
9:45:03,40.88,1,2S
9:45:03,40.93,1,SC
9:45:03,40.91,2,2B
9:45:03,40.96,1,2S
9:45:03,40.97,1,SC
9:45:03,40.91,26,2S
9:45:03,40.91,13,2S
9:45:03,40.91,2,2S
9:45:03,40.91,1,2S
9:45:03,40.91,2,2S
9:45:03,40.91,1,2S
9:45:03,40.91,3,2B
9:45:03,41.01,1,SC
9:45:03,41.01,1,SC
9:45:03,41.01,1,SC
9:45:03,41.01,1,SC
9:45:03,40.92,1,2S
9:45:04,40.9,3,2S
9:45:04,40.9,7,2S
9:45:04,40.87,59,2S
9:45:04,40.91,3,2S
9:45:04,40.91,1,2S
9:45:04,37.58,8,2S
9:45:04,40.5,1,2S
9:45:04,40.88,1,2S
9:45:04,40.88,3,2S
9:45:05,40.9,1,2B
9:45:06,40.77,2,2S
9:45:06,40.77,3,2S
9:45:06,40.77,1,2S
9:45:06,40.81,62,2S
9:45:06,40.87,8,2S
9:45:06,40.88,3,SC
9:45:06,40.77,3,2S
9:45:06,40.77,1,2S
9:45:06,40.77,0.3,2S
9:45:06,40.91,3,SC
9:45:06,40.91,1,SC
9:45:06,40.88,3,2S
9:45:06,40.88,1,2S
9:45:06,40.82,4,2S
9:45:06,40.83,3,2B
9:45:06,40.87,8,SC
9:45:06,40.96,1,SC
9:45:06,40.77,3,2S
9:45:06,40.87,2,2S
9:45:07,40.97,1,SC
9:45:07,40.97,1,SC
9:45:07,40.81,5,2S
9:45:07,40.81,12,2S
9:45:07,40.81,10,2S
9:45:07,40.97,1,SC
9:45:08,40.92,4,SC
9:45:08,40.91,4,2S
9:45:09,40.85,10,2B
9:45:09,40.81,1.85,SC
9:45:09,40.88,1,SC
9:45:09,40.88,3,SC
9:45:09,40.8,1,2S
9:45:09,40.8,3,2S
9:45:09,40.82,1,SC
9:45:09,40.91,13,SC
9:45:09,40.91,21,SC
9:45:10,40.97,1,SC
9:45:10,40.86,8,2S
9:45:10,40.97,1,SC
9:45:10,40.97,1,SC
9:45:10,40.97,1,SC
9:45:10,40.86,2,2S
9:45:10,40.86,3,2S
9:45:11,40.97,1,2S
9:45:12,41.01,3,SC
9:45:12,40.8,1,2S
9:45:12,40.97,2,SC
9:45:12,40.8,1,2S
9:45:12,40.8,1,2S
9:45:12,40.97,2,SC
9:45:12,40.8,1,2S
9:45:12,40.8,5,2S
9:45:12,40.8,5,2S
9:45:12,40.85,1,2S
9:45:12,40.85,1,2S
9:45:13,40.91,4,SC
9:45:13,40.91,1,SC
9:45:13,40.86,8,SC
9:45:13,40.91,2,SC
9:45:13,40.91,2,SC
9:45:13,40.91,1,SC
9:45:14,40.86,1,2S
9:45:15,40.85,3,2S
9:45:15,40.84,6,2S
9:45:15,40.79,1,2S
9:45:15,40.84,2,2S
9:45:15,40.8,2,2S
9:45:15,40.79,6,2S
9:45:15,40.8,1,2S
9:45:15,40.8,3,2S
9:45:15,40.8,6,2S
9:45:18,40.76,1,2S
9:45:18,40.8,3,2S
9:45:18,40.79,7,2S
9:45:19,40.97,1,SC
9:45:20,40.39,1,2S
9:45:21,40.74,1,2S
9:45:21,40.74,1,2S
9:45:21,40.74,2,2S
9:45:21,40.74,9,2S
9:45:21,40.83,2,2S
9:45:21,40.8,1.85,2S
9:45:21,40.84,6,SC
9:45:22,40.8,5,2S
9:45:24,40.83,2,2S
9:45:24,40.5,2,2B
9:45:24,40.81,1,2B
9:45:24,40.75,1,2S
9:45:25,40.75,4,2S
9:45:25,40.9,3,SC
9:45:25,40.9,7,SC
9:45:25,40.39,1,2S
9:45:27,40.85,3,SC
9:45:27,40.77,1,2S
9:45:27,40.84,2,SC
9:45:27,40.77,1,2S
9:45:27,40.8,19,2S
9:45:28,40.38,4,2B
9:45:29,40.8,4,2S
9:45:30,40.83,2,SC
9:45:30,40.78,2,2S
9:45:30,40.79,1,2B
9:45:30,40.78,1,2S
9:45:31,40.86,3,SC
9:45:31,40.86,2,SC
9:45:33,40.8,2,2S
9:45:33,40.83,2,SC
9:45:36,40.78,1,2S
9:45:36,40.92,1,SC
9:45:36,40.5,20,BC
9:45:39,40.78,1,2B
9:45:39,40.78,1,2B
9:45:39,40.87,2,SC
9:45:42,40.8,6,2B
9:45:42,40.97,10,2S
9:45:42,40.8,10,2B
9:45:43,40.79,2,2S
9:45:43,40.79,2,2B
9:45:43,39.97,1,2S
9:45:43,41.42,90,SC
9:45:43,40.77,1,2S
9:45:44,40.76,4,2B
9:45:44,40.75,1,2B
9:45:45,41.06,1,SC
9:45:45,40.8,0.85,SC
9:45:45,40.76,2,2B
9:45:45,41.02,2,SC
9:45:45,40.85,1,SC
9:45:45,41.1,9,SC
9:45:45,40.85,1,SC
9:45:45,40.92,17,2S
9:45:46,40.78,1,2S
9:45:46,40.79,1,2S
9:45:46,40.77,1,2B
9:45:46,40.35,1,2S
9:45:46,40.79,1,2S
9:45:47,40.79,1,2S
9:45:48,40.78,1,2B
9:45:49,40.77,3,2B
9:45:50,40.36,1,2S
9:45:52,40.78,3,2B
9:45:53,40.78,2,2B
9:45:53,40.77,3,2B
9:45:54,40.79,1,2B
9:45:54,40.79,1,2B
9:45:54,40.79,1,2B
9:45:54,40.79,3,2B
9:45:54,40.79,3,2B
9:45:54,40.77,5,2B
9:45:55,40.8,3,2B
9:45:55,40.8,1,2B
9:45:57,40.79,3,2B
9:45:58,40.92,1,2S
9:45:58,40.81,3,2B
9:45:59,40.78,1,2B
9:45:59,40.78,4,2B
9:46:00,41.3,17,2S
9:46:00,40.79,3,BC
9:46:00,40.79,3,BC
9:46:01,40.78,2,BC
9:46:02,40.78,1,BC
9:46:03,40.79,3,2B
9:46:03,40.81,3,2B
9:46:04,40.86,1,2S
9:46:06,40.86,2,2B
9:46:06,40.86,1,2B
9:46:06,40.86,1,2B
9:46:06,40.86,2,2B
9:46:06,40.86,2,2B
9:46:06,40.92,17,SC
9:46:06,40.86,2,2B
9:46:06,40.86,2,2B
9:46:06,40.86,2,2B
9:46:07,40.92,3,2S
9:46:07,40.4,1,2S
9:46:07,40.86,1,2B
9:46:08,40.79,3,BC
9:46:08,41.67,3,2S
9:46:09,40.81,3,BC
9:46:09,40.86,2,2B
9:46:10,40.77,2,BC
9:46:12,40.86,2,BC
9:46:12,40.86,2,BC
9:46:12,40.78,3,BC
9:46:14,41.68,1,2B
9:46:15,40.92,1,2B
9:46:15,40.91,5,2S
9:46:15,40.8,3,BC
9:46:16,40.86,1,BC
9:46:16,40.86,2,BC
9:46:16,40.86,2,BC
9:46:16,40.86,2,BC
9:46:16,41.68,2,2B
9:46:18,40.81,3,BC
9:46:18,40.9,1,2S
9:46:19,41.73,2,2B
9:46:20,40.5,8,2B
9:46:21,40.9,12,2S
9:46:21,40.8,4,2B
9:46:22,40.76,2,2B
9:46:22,41.73,1,2B
9:46:23,40.92,1,2B
9:46:24,40.91,2,SC
9:46:24,40.89,2,2S
9:46:24,40.86,5,2S
9:46:25,40.26,20,2B
9:46:25,40.74,1,2B
9:46:25,40.76,4,BC
9:46:25,40.92,1,2S
9:46:27,40.86,1,2B
9:46:27,40.85,1,2S
9:46:27,40.89,2,SC
9:46:27,40.9,10,SC
9:46:27,40.85,2,2S
9:46:27,40.85,10,2S
9:46:28,40.8,5,2B
9:46:30,40.8,2,2B
9:46:31,41.18,1,2S
9:46:31,40.81,1,2B
9:46:31,40.81,2,2B
9:46:31,40.5,4,2B
9:46:31,41.68,1,2B
9:46:31,40.85,13,2B
9:46:31,40.86,4,2S
9:46:32,40.81,2,2B
9:46:33,40.86,5,2B
9:46:34,40.78,13,2B
9:46:34,40.85,1,BC
9:46:34,39,9,2B
9:46:35,40.85,400,2S
9:46:36,40.76,2,BC
9:46:36,40.84,2,2S
9:46:37,40.81,1,2B
9:46:39,40.84,2,2S
9:46:41,40.8,30,2B
9:46:42,40.8,2,BC
9:46:43,40.84,1,2S
9:46:44,40.8,1,2S
9:46:44,40.81,9,2S
9:46:46,40,1,2B
9:46:47,40.84,1,2S
9:46:47,40.8,14,2S
9:46:47,40.82,2,2B
9:46:48,40.9,2,2B
9:46:48,40.84,2,SC
9:46:48,40.81,9,2B
9:46:49,40.8,15,2S
9:46:51,40.8,7,2S
9:46:51,40.8,2,2S
9:46:51,40.8,1,2S
9:46:51,40.39,1,2S
9:46:51,41.3,2,SC
9:46:54,40.92,2,SC
9:46:54,40.76,2,BC
9:46:55,39.98,1,2B
9:46:55,40.81,5,2S
9:46:56,40.41,1,2B
9:46:56,40.78,2,2S
9:46:56,40.81,5,SC
9:47:01,40.26,1,2B
9:47:03,40.75,2,2S
9:47:04,40.8,1,2S
9:47:04,40.8,1,2S
9:47:04,41.03,20,2S
9:47:04,40.8,1,2S
9:47:04,40.8,15,2B
9:47:06,39.83,30,2B
9:47:06,40.8,3,2B
9:47:09,40.7,4,2B
9:47:10,41.03,20,SC
9:47:12,40.84,2,2B
9:47:12,40.8,17,2S
9:47:14,40.81,1,2B
9:47:15,40.8,3,BC
9:47:15,40.81,2,2B
9:47:15,40.8,3,2B
9:47:15,40.81,1,2S
9:47:15,40.81,1,2S
9:47:15,41.62,1,2B
9:47:15,40.84,9,2B
9:47:16,40.89,2,2S
9:47:16,40.85,400,SC
9:47:17,40.8,9,2S
9:47:17,41.04,1,2B
9:47:18,40.85,4,2B
9:47:18,40.8,2,2B
9:47:19,41.62,2,2B
9:47:20,40.84,6,2B
9:47:20,41.71,3,2B
9:47:21,40.85,2,2B
9:47:23,41.17,1,2B
9:47:24,40.96,2,2S
9:47:24,39.98,1,BC
9:47:24,41.79,2,2B
9:47:25,40.6,2,2B
9:47:27,40.96,1,2S
9:47:27,40.97,20,2B
9:47:28,40.8,2,2B
9:47:28,41.03,1,2B
9:47:28,41.79,1,2B
9:47:28,40.68,2,2B
9:47:30,40.97,1,2S
9:47:30,40.97,1,2S
9:47:30,40.97,1,2S
9:47:30,40.97,1,2S
9:47:30,40.97,1,2S
9:47:30,40.97,1,2S
9:47:30,41.03,3,2S
9:47:30,40.97,1,2S
9:47:30,40.97,1,2S
9:47:30,40.97,1,2S
9:47:30,40.97,1,2S
9:47:30,40.97,1,2S
9:47:30,40.97,1,2S
9:47:30,40.97,1,2S
9:47:30,40.97,1,2S
9:47:30,40.97,1,2S
9:47:30,40.97,1,2S
9:47:30,40.97,1,2S
9:47:30,40.97,2,2S
9:47:30,40.97,2,2S
9:47:30,40.97,1,2S
9:47:30,40.97,1,2S
9:47:30,40.97,1,2S
9:47:30,40.97,1,2S
9:47:30,40.97,1,2S
9:47:30,40.97,1,2S
9:47:32,40.96,1,2S
9:47:33,40.85,2,2B
9:47:33,40.96,5,2S
9:47:33,40.96,1,SC
9:47:33,40.97,1,2S
9:47:33,40.85,4,BC
9:47:33,41.7,4,SC
9:47:34,39.98,2,2B
9:47:35,40.97,4,2B
9:47:36,40.5,5,2B
9:47:37,40.8,1,2S
9:47:37,40.8,2,2B
9:47:39,40.82,10,2B
9:47:39,40.05,2,2B
9:47:40,40.96,12,2S
9:47:42,41.03,3,SC
9:47:45,40.5,10,2B
9:47:49,40.86,3,2B
9:47:49,40.85,1,2B
9:47:49,40.85,1,2B
9:47:51,40.85,2,BC
9:47:51,40.86,2,2B
9:47:51,40.85,1,2B
9:47:52,40.84,6,BC
9:47:53,41.25,1,2S
9:47:54,40.79,3,BC
9:47:55,40.95,5,2S
9:47:56,40.44,1,2S
9:47:57,40.79,5,2B
9:47:57,40.5,5,2B
9:47:58,41.4,12,SC
9:47:58,40.8,10,2B
9:47:58,40.68,2,2B
9:48:00,40,1,2B
9:48:01,40.16,3,2B
9:48:04,40.86,5,2B
9:48:04,40.86,2,2B
9:48:05,40.2,20,2B
9:48:06,40.9,3,2B
9:48:09,40.86,2,BC
9:48:09,40.92,3,2B
9:48:12,41.3,12,2S
9:48:12,40.92,1,2S
9:48:12,40.92,1,2S
9:48:12,40.92,1,2S
9:48:12,40.92,1,2S
9:48:12,40.92,1,2S
9:48:12,40.92,1,2S
9:48:12,40.92,1,2S
9:48:12,40.92,1,2S
9:48:12,40.9,3,BC
9:48:12,40.97,1,SC
9:48:12,40.97,1,SC
9:48:12,40.97,1,SC
9:48:12,40.92,3,2B
9:48:12,40.97,2,SC
9:48:12,40.97,1,SC
9:48:12,40.97,2,SC
9:48:12,40.97,1,SC
9:48:12,40.97,1,SC
9:48:12,40.97,1,SC
9:48:12,40.97,1,SC
9:48:12,40.97,1,SC
9:48:13,40.97,1,SC
9:48:15,40.96,1,SC
9:48:15,40.97,1,SC
9:48:17,40.86,5,2B
9:48:18,40.86,5,2B
9:48:20,40.95,1,2S
9:48:20,40.85,1,BC
9:48:20,40.92,3,2S
9:48:21,40.7,1,2B
9:48:22,40.92,1,SC
9:48:22,40.92,3,SC
9:48:22,40.92,1,2B
9:48:25,40.8,8,2B
9:48:28,40.86,5,2B
9:48:30,40.87,5,2B
9:48:31,40.85,9,2B
9:48:33,40.87,1,2S
9:48:33,40.87,1,2S
9:48:33,40.09,1,BC
9:48:33,40.51,1,2S
9:48:33,40.87,3,2B
9:48:33,40.95,4,2B
9:48:37,40.87,29,2B
9:48:40,40.82,1,2S
9:48:43,40.88,7,2B
9:48:43,40.8,3,2B
9:48:44,40.88,4,2B
9:48:45,40.87,3,BC
9:48:45,40.88,3,2B
9:48:46,40.89,1,2B
9:48:48,40.88,3,BC
9:48:48,40.89,2,2B
9:48:48,37.58,8,2S
9:48:48,40.89,2,2B
9:48:48,40.8,1,2B
9:48:49,40.86,5,BC
9:48:51,40.68,1,2B
9:48:51,40.88,3,2B
9:48:53,40.89,2,2B
9:48:55,40,1,2B
9:48:58,40.9,2,2B
9:48:59,40.86,2,BC
9:49:00,40.89,2,BC
9:49:00,40.9,4,2B
9:49:00,40.56,1,2B
9:49:01,40.9,5,2B
9:49:01,40.68,1,BC
9:49:04,37.58,8,2S
9:49:07,40.88,36,2B
9:49:11,40.9,4,2B
9:49:16,40.81,1,2B
9:49:16,40.88,5,2B
9:49:17,40.49,1,2S
9:49:21,40.61,10,2B
9:49:21,40.95,10,2S
9:49:23,40.9,1,2B
9:49:25,40.9,1,2B
9:49:26,41.72,1,2B
9:49:27,40.66,1,2B
9:49:28,40.9,3,2B
9:49:28,40.88,2,BC
9:49:29,40.5,5,BC
9:49:29,40.9,5,2B
9:49:29,38.94,1,2B
9:49:31,40.91,2,2B
9:49:33,40.91,1,2S
9:49:33,40.9,4,BC
9:49:33,40.91,4,2B
9:49:34,42.25,4,SC
9:49:36,40.91,1,2S
9:49:36,40.91,1,2S
9:49:36,40.91,1,2S
9:49:36,40.91,1,2S
9:49:36,40.91,1,2S
9:49:36,40.91,1,2S
9:49:36,40.91,1,2S
9:49:36,40.91,1,2S
9:49:36,40.91,1,2S
9:49:36,40.91,1,2S
9:49:36,40.91,1,2S
9:49:36,40.94,5,2S
9:49:36,40.91,1,2S
9:49:36,40.91,1,2S
9:49:39,40.9,1,2S
9:49:39,40.9,1,2S
9:49:39,40.9,1,2S
9:49:39,40.9,10,2S
9:49:39,40.91,1,SC
9:49:39,40.91,1,SC
9:49:39,40.91,1,SC
9:49:39,40.91,1,SC
9:49:39,40.91,1,SC
9:49:39,40.91,1,SC
9:49:39,40.91,1,SC
9:49:39,40.91,1,SC
9:49:40,40.9,1,SC
9:49:40,40.8,5,2B
9:49:40,40.85,1,2S
9:49:41,40.9,4,2B
9:49:42,40.9,1,2S
9:49:42,40.9,1,2S
9:49:42,40.9,1,2S
9:49:42,40.9,1,2S
9:49:42,40.9,1,2S
9:49:42,40.92,2,2B
9:49:42,40.9,1,2S
9:49:42,40.9,1,2S
9:49:42,40.9,1,2S
9:49:45,40.89,1,2S
9:49:45,40.89,1,2S
9:49:47,40.5,10,BC
9:49:47,40.87,29,BC
9:49:48,40.88,36,BC
9:49:48,40.88,2,2S
9:49:49,40.48,1,2S
9:49:49,40.88,9,2S
9:49:50,40.88,33,2S
9:49:50,40.87,1,2S
9:49:51,40.89,1,SC
9:49:54,40.86,3,2S
9:49:54,40.86,14,2S
9:49:54,40.82,1,2S
9:49:54,40.85,5,2S
9:49:57,40.85,1,2S
9:49:57,40.88,1,2S
9:49:57,40.89,1,2S
9:49:57,40.85,1,2S
9:49:57,40.85,1,2S
9:49:57,40.85,1,2S
9:49:57,40.85,1,2S
9:49:57,40.5,5,BC
9:49:57,40.9,1,SC
9:49:57,40.8,1,2S
9:49:57,40.9,1,SC
9:50:00,40.87,1,2S
9:50:00,40.87,1,2S
9:50:02,40.82,3,2B
9:50:03,40.82,4,2B
9:50:04,40.87,1,2S
9:50:04,40.96,12,SC
9:50:05,40.81,2,2B
9:50:07,40.8,5,2B
9:50:09,40.78,1,2B
9:50:11,40.8,1,2S
9:50:12,40.81,5,2B
9:50:15,40.82,12,2B
9:50:18,40.87,1,2B
9:50:18,40.87,3,2B
9:50:18,40.87,3,2B
9:50:18,40.86,1,2S
9:50:19,40.41,1,2S
9:50:19,40.8,2,BC
9:50:20,40.78,3,2B
9:50:21,40.81,25,2B
9:50:21,40.82,3,BC
9:50:21,40.88,2,2B
9:50:21,40.88,10,2B
9:50:21,40.88,7,2B
9:50:21,40.88,1,2B
9:50:21,40.88,1,2B
9:50:21,40.88,2,2B
9:50:21,40.88,1,2B
9:50:21,40.88,3,2B
9:50:21,40.88,3,2B
9:50:21,40.88,2,2B
9:50:21,40.88,2,2B
9:50:21,40.87,3,2B
9:50:21,40.88,1,2B
9:50:21,40.88,3,2B
9:50:21,40.88,34,2B
9:50:21,40.87,1,2B
9:50:21,40.88,32,2B
9:50:21,40.83,5,2B
9:50:24,40.89,3,2B
9:50:24,40.89,3,2B
9:50:24,40.89,1,2B
9:50:24,40.89,1,2B
9:50:24,40.89,1,2B
9:50:24,40.89,1,2B
9:50:24,40.89,3,2B
9:50:24,40.89,17,2B
9:50:24,40.89,5,2B
9:50:24,40.89,1,2B
9:50:24,40.87,2,BC
9:50:24,40.89,1,2B
9:50:24,40.89,1,2B
9:50:24,40.89,1,2B
9:50:24,40.89,1,2B
9:50:24,40.89,1,2B
9:50:24,40.87,3,BC
9:50:24,40.89,1,2B
9:50:24,40.89,1,2B
9:50:24,40.88,3,2B
9:50:27,40.94,1,2B
9:50:27,40.94,4,2B
9:50:27,40.94,1,2B
9:50:27,40.89,1,BC
9:50:27,40.94,4,2B
9:50:27,40.94,1,2B
9:50:27,40.94,3,2B
9:50:27,40.94,4,2B
9:50:27,40.94,3,2B
9:50:27,40.88,32,BC
9:50:27,40.94,4,2B
9:50:27,40.88,3,BC
9:50:27,40.88,34,BC
9:50:27,40.94,4,2B
9:50:27,40.94,4,2B
9:50:27,40.89,2,2B
9:50:27,40.88,3,BC
9:50:29,41.76,2,2B
9:50:29,40.95,9,2B
9:50:30,40.89,3,BC
9:50:30,40.95,11,2B
9:50:30,40.89,1,BC
9:50:30,40.89,1,BC
9:50:30,40.89,2,BC
9:50:30,40.89,1,BC
9:50:30,40.89,1,BC
9:50:30,40.94,2,2B
9:50:30,40.55,3,2B
9:50:30,40.89,2,BC
9:50:31,40.88,1,BC
9:50:31,41.23,1,2B
9:50:31,40.83,12,2B
9:50:32,41.23,1,2B
9:50:33,41.23,1,2B
9:50:33,41.03,1,2S
9:50:33,40.94,3,BC
9:50:33,41.03,1,2B
9:50:33,40.99,3,2B
9:50:33,40.94,2,BC
9:50:33,40.94,4,BC
9:50:33,40.94,4,BC
9:50:33,40.94,3,BC
9:50:33,40.94,4,BC
9:50:33,41.04,1,2B
9:50:34,40.89,1,BC
9:50:34,40.89,1,BC
9:50:34,40.89,1,BC
9:50:34,40.89,1,BC
9:50:34,41.04,2,2B
9:50:35,41.86,3,2B
9:50:36,40.83,5,BC
9:50:36,40.89,5,BC
9:50:36,40.89,1,BC
9:50:36,40.89,1,BC
9:50:36,41.07,2,2B
9:50:36,40.99,3,BC
9:50:36,40.3,1,2B
9:50:37,40.94,1,BC
9:50:37,41.03,1,2S
9:50:37,40.94,4,BC
9:50:37,40.94,4,BC
9:50:37,40.99,10,2B
9:50:38,41.35,1,2B
9:50:38,41.18,6,2B
9:50:39,41.04,1,BC
9:50:39,41.11,2,2B
9:50:39,41.93,1,2B
9:50:39,41.06,1,2S
9:50:39,41.07,3,2B
9:50:41,41.06,1,2S
9:50:42,41.1,3,2S
9:50:42,41.93,1,2B
9:50:44,41.5,4,2S
9:50:44,41.3,17,SC
9:50:44,40,3,2B
9:50:45,41.02,1,2S
9:50:46,41.92,2,2B
9:50:47,41.85,4,SC
9:50:47,41.3,1,SC
9:50:48,41.07,1,2S
9:50:48,41.07,12,2S
9:50:48,41.07,1,2S
9:50:48,41.07,1,2S
9:50:48,41.07,1,2S
9:50:48,41.07,1,2S
9:50:48,41.07,1,2S
9:50:48,41.07,1,2S
9:50:48,41.07,1,2S
9:50:48,41.07,1,2S
9:50:48,41.07,1,2S
9:50:48,41.07,1,2S
9:50:51,41.04,2,2S
9:50:51,41.04,1,2S
9:50:51,41.04,1,2S
9:50:51,41.04,1,2S
9:50:51,41.04,2,2S
9:50:51,41.04,2,2S
9:50:51,41.07,1,SC
9:50:51,41.04,2,2S
9:50:51,41.07,1,SC
9:50:51,41.07,1,SC
9:50:51,41.07,1,SC
9:50:51,41.04,2,2S
9:50:51,41.07,1,SC
9:50:52,41.89,1,2B
9:50:53,41.04,2,SC
9:50:54,40.99,10,2S
9:50:54,40.99,3,2S
9:50:54,40.99,4,2S
9:50:54,41.07,1,SC
9:50:54,40.99,1,2S
9:50:54,40.99,1,2S
9:50:54,40.99,1,2S
9:50:54,41.03,1,2S
9:50:54,40.99,1,2S
9:50:55,42.18,1,2S
9:50:56,40.45,5,2B
9:50:57,40.95,11,BC
9:50:57,40.94,1,BC
9:50:57,40.95,7,2S
9:50:57,40.95,1,2S
9:50:57,40.99,9,2S
9:50:57,40.99,1,SC
9:50:57,40.99,1,SC
9:50:57,40.99,1,SC
9:50:57,41.03,1,SC
9:50:57,40.99,1,SC
9:50:58,41.07,1,SC
9:50:58,41.07,1,SC
9:50:58,41.07,1,SC
9:50:58,41.07,1,SC
9:51:00,40.89,1,2S
9:51:00,40.9,4,2B
9:51:01,41.04,1,SC
9:51:01,41.04,1,SC
9:51:01,41.04,2,SC
9:51:01,41.04,2,SC
9:51:01,41.04,2,SC
9:51:03,40.9,1,2S
9:51:03,40.9,1,2S
9:51:03,40.9,1,2S
9:51:03,40.9,1,2S
9:51:03,40.9,1,2S
9:51:03,40.95,1,SC
9:51:03,40.9,1,2S
9:51:03,40.9,1,2S
9:51:03,40.9,1,2S
9:51:03,40.9,1,2S
9:51:03,40.9,1,2S
9:51:03,40.9,1,2S
9:51:03,40.9,1,2S
9:51:03,40.9,1,2S
9:51:03,40.9,1,2S
9:51:03,40.9,1,2S
9:51:03,40.9,1,2S
9:51:03,40.9,1,2S
9:51:03,40.9,2,2B
9:51:03,40.9,1,2S
9:51:03,40.9,1,2S
9:51:03,40.9,1,2S
9:51:03,41.04,1,2B
9:51:03,40.9,1,2S
9:51:04,40.9,1,2S
9:51:04,40.9,1,2S
9:51:04,40.9,3,2S
9:51:04,40.9,3,2S
9:51:04,40.9,1,2S
9:51:04,40.99,3,SC
9:51:04,40.9,1,2S
9:51:04,40.9,1,2S
9:51:04,40.9,1,2S
9:51:04,40.99,4,SC
9:51:06,40.89,1,2S
9:51:06,40.89,1,2S
9:51:06,40.89,1,2S
9:51:06,40.89,1,2S
9:51:06,40.89,1,2S
9:51:06,40.89,1,2S
9:51:06,40.89,1,2S
9:51:06,40.89,1,2S
9:51:06,40.9,1,SC
9:51:06,40.9,1,SC
9:51:06,40.9,1,SC
9:51:06,40.9,1,SC
9:51:06,40.89,3,2S
9:51:06,40.89,2,2S
9:51:06,40.9,1,SC
9:51:06,40.89,4,2S
9:51:06,40.9,1,SC
9:51:06,40.9,1,SC
9:51:06,40.9,1,SC
9:51:06,40.9,1,SC
9:51:06,40.09,4,2S
9:51:07,41.9,2,2B
9:51:07,40.95,7,SC
9:51:07,40.9,1,SC
9:51:07,40.9,1,SC
9:51:07,40.9,1,SC
9:51:07,40.9,1,SC
9:51:07,40.99,9,SC
9:51:07,40.9,1,SC
9:51:10,40.9,1,SC
9:51:12,40.83,1,2S
9:51:12,40.83,1,2S
9:51:12,40.83,1,2S
9:51:12,40.83,1,2S
9:51:12,40.83,1,2S
9:51:12,40.83,1,2S
9:51:12,40.83,1,2S
9:51:12,40.83,2,2S
9:51:12,40.83,1,2S
9:51:12,40.83,1,2S
9:51:13,40.83,1,2S
9:51:13,40.83,1,2S
9:51:13,40.83,1,2S
9:51:13,40.83,1,2S
9:51:13,40.83,2,2S
9:51:13,40.83,1,2S
9:51:14,40.02,2,2S
9:51:14,40.9,1,SC
9:51:14,40.9,1,SC
9:51:14,40.9,3,SC
9:51:14,40.9,3,SC
9:51:14,40.9,1,SC
9:51:14,40.02,10,2S
9:51:14,40.83,3,2B
9:51:14,40.83,3,2B
9:51:14,40.83,5,2B
9:51:14,40.83,1,2B
9:51:14,40.83,15,2B
9:51:14,40.83,15,2B
9:51:14,40.83,5,BC
9:51:14,40.83,1,BC
9:51:14,40.83,6,2B
9:51:16,40.83,10,2B
9:51:16,40.83,6,BC
9:51:18,40.85,5,2B
9:51:19,40.8,1,2B
9:51:19,40.83,15,BC
9:51:19,40.83,15,BC
9:51:19,40.86,1,2B
9:51:21,41.11,1,2S
9:51:21,41.06,6,2S
9:51:21,40.86,1,2S
9:51:21,40.86,1,2S
9:51:21,40.86,1,2S
9:51:21,40.86,1,2S
9:51:21,40.86,1,2S
9:51:21,40.86,1,2S
9:51:21,40.86,1,2S
9:51:22,40.86,1,2S
9:51:22,40.86,1,2S
9:51:22,41.06,6,SC
9:51:24,40.86,1,SC
9:51:24,41.07,2,2B
9:51:24,40.86,1,SC
9:51:24,40.86,1,SC
9:51:24,40.86,8,2B
9:51:24,40.45,1,2S
9:51:24,40.86,8,2B
9:51:24,40.85,1,2S
9:51:24,40.85,5,2S
9:51:24,40.85,3,2S
9:51:26,41,100,2S
9:51:26,40.8,1,2B
9:51:27,40.86,1,2S
9:51:27,40.86,1,2S
9:51:27,40.86,1,2S
9:51:27,40.86,1,2S
9:51:27,40.86,1,2S
9:51:27,40.04,5,2S
9:51:29,40.86,1,2S
9:51:29,42.5,12,SC
9:51:29,41.09,1,2S
9:51:30,40.86,1,2B
9:51:30,40.84,5,2B
9:51:30,40.83,2,2S
9:51:30,40.86,1,2S
9:51:31,40.86,7,2B
9:51:33,40.86,1,2S
9:51:33,40.86,2,2B
9:51:33,40.86,1,2S
9:51:33,40.84,3,BC
9:51:33,40.86,1,2S
9:51:33,40.86,1,2S
9:51:35,40.84,3,2B
9:51:36,40.86,1,2S
9:51:36,40.86,1,2S
9:51:36,40.86,2,2B
9:51:37,40.84,2,2B
9:51:38,40.86,1,2S
9:51:39,40.86,1,2S
9:51:39,40.79,5,BC
9:51:41,40.99,5,2S
9:51:41,40.99,16,2S
9:51:41,40.99,4,2S
9:51:41,40.77,4,2B
9:51:42,40.82,2,2B
9:51:43,40.03,5,2S
9:51:47,40.43,1,2S
9:51:47,40.98,3,2S
9:51:49,40.85,4,2B
9:51:51,40.85,4,2S
9:51:51,40.85,1,2S
9:51:51,40.85,3,2S
9:51:51,40.85,3,2S
9:51:51,40.85,1,2S
9:51:51,40.7,1,2B
9:51:52,40.86,10,2B
9:51:52,40.8,1,2S
9:51:54,40.86,1,2S
9:51:54,40.86,1,2S
9:51:55,40.04,4,2S
9:51:57,40.83,1,2S
9:51:58,40.81,1,2B
9:52:00,40.86,1,2B
9:52:00,40.84,3,2B
9:52:00,40.98,5,2S
9:52:00,40.99,4,SC
9:52:03,40.84,3,BC
9:52:03,40.84,3,2B
9:52:04,40.02,4,2S
9:52:04,40.84,20,2B
9:52:04,40,2,2B
9:52:06,40.98,7,2S
9:52:07,40.97,5,2S
9:52:09,40.83,10,2B
9:52:10,40.03,20,2S
9:52:12,39.6,7,2B
9:52:12,40.97,4,2S
9:52:14,40.8,1,2B
9:52:15,40.83,1,2B
9:52:16,40.86,10,2B
9:52:17,40.96,3,2S
9:52:18,40.86,1,2S
9:52:18,40.86,1,2S
9:52:18,40.86,1,2S
9:52:19,40.02,13,2S
9:52:19,40.96,4,2S
9:52:19,40.97,5,2B
9:52:20,40.98,3,SC
9:52:23,40.96,1,2S
9:52:23,40.98,7,SC
9:52:24,40.96,4,2S
9:52:25,40.02,8,2S
9:52:26,40.8,4,2B
9:52:27,40.83,12,2B
9:52:27,41.3,12,SC
9:52:28,40.83,3,2B
9:52:29,40.81,5,2B
9:52:30,40.86,4,2B
9:52:31,40.97,4,SC
9:52:32,40.98,5,SC
9:52:33,40,4,BC
9:52:33,40.83,1,2B
9:52:33,40.83,3,2B
9:52:33,40.81,5,BC
9:52:34,40.83,10,2B
9:52:37,40.98,12,2S
9:52:37,40.05,4,2S
9:52:39,40.96,4,SC
9:52:39,40.96,5,2B
9:52:39,40.96,2,2S
9:52:42,40.77,1,2B
9:52:43,40.96,1,2S
9:52:46,41.97,1,2S
9:52:47,40.7,5,2B
9:52:49,40.84,5,2B
9:52:53,40.7,2,2B
9:53:00,40.96,1,2S
9:53:03,40.84,3,2B
9:53:04,40.5,5,2B
9:53:04,40.79,1,2S
9:53:04,40.83,5,2B
9:53:07,40.85,2,2B
9:53:07,40.83,3,2B
9:53:09,40.84,3,BC
9:53:09,40.85,2,2B
9:53:09,40.96,1,2B
9:53:12,40.85,7,2B
9:53:12,40.95,1,2S
9:53:19,40.3,5,2B
9:53:21,40.83,1,2B
9:53:22,40.01,1,2B
9:53:23,40.86,2,2B
9:53:23,40.84,10,2B
9:53:23,40.89,2,2B
9:53:24,40.8,2,2B
9:53:24,40.85,2,BC
9:53:24,40.89,3,2B
9:53:26,40.99,5,SC
9:53:26,40.97,5,SC
9:53:28,40.83,12,BC
9:53:31,40.95,2,2B
9:53:31,40.95,1,2S
9:53:32,40.9,3,2B
9:53:33,40.89,3,BC
9:53:33,40.9,3,2B
9:53:35,40.98,12,SC
9:53:36,40.8,2,BC
9:53:36,41.09,1,SC
9:53:40,41.88,1,2S
9:53:46,40.96,1,2B
9:53:47,40.96,7,2S
9:53:50,40.86,2,BC
9:53:53,42.96,12,2S
9:53:56,42.97,1,SC
9:53:57,40.9,1,2S
9:54:00,40.9,1,2S
9:54:03,40.96,2,2S
9:54:03,40.9,1,2S
9:54:03,40.9,1,2S
9:54:03,40.93,2,2B
9:54:03,40.8,5,2B
9:54:05,40.83,3,BC
9:54:06,40.93,3,2S
9:54:06,40.93,2,2S
9:54:06,40.93,1,2S
9:54:06,40.93,1,2S
9:54:06,42.78,1,2S
9:54:06,40.93,2,2S
9:54:06,40.93,2,2S
9:54:06,40.93,1,2S
9:54:06,40.93,2,2S
9:54:06,40.93,1,2S
9:54:06,40.9,2,BC
9:54:06,40.93,3,2B
9:54:07,40.88,1,2S
9:54:09,40.96,2,SC
9:54:09,40.93,1,SC
9:54:09,40.93,1,SC
9:54:09,40.12,2,2S
9:54:12,40.93,2,2S
9:54:12,40.85,1,2S
9:54:12,37.58,8,2S
9:54:13,40.93,1,SC
9:54:16,40.93,2,SC
9:54:16,40.93,2,SC
9:54:18,40.92,1,2S
9:54:21,40.93,2,SC
9:54:21,40.93,2,SC
9:54:24,40.92,2,2S
9:54:28,40.81,20,2B
9:54:30,40.82,12,BC
9:54:30,40.85,1,2B
9:54:31,38,10,2B
9:54:33,40.84,3,2B
9:54:33,40.85,3,2B
9:54:34,40.84,30,2B
9:54:35,40.96,7,SC
9:54:38,40.66,1,BC
9:54:39,40.92,1,2S
9:54:39,40.92,2,SC
9:54:39,40.84,1,2B
9:54:41,40.02,1,2S
9:54:49,40.85,1,2B
9:54:50,40.85,12,2B
9:54:51,40.92,9,2S
9:54:51,40.92,1,SC
9:54:52,40.91,1,2S
9:54:53,40.8,1,2B
9:54:54,40.85,2,2B
9:54:56,40.85,14,2B
9:54:57,40.86,5,2S
9:54:58,41.11,1,SC
9:55:00,40.86,5,2B
9:55:00,40.85,4,2B
9:55:00,40.8,30,2B
9:55:03,40.86,1,2B
9:55:03,40.88,3,2B
9:55:06,40.85,3,BC
9:55:06,40.89,2,2B
9:55:09,40.89,1,2S
9:55:09,40.89,1,2S
9:55:09,40.89,1,2S
9:55:09,40.89,1,2S
9:55:09,40.89,1,2S
9:55:09,40.89,1,2S
9:55:09,40.89,1,2S
9:55:09,40.89,1,2S
9:55:09,40.89,1,2S
9:55:09,40.89,1,2S
9:55:09,40.89,1,2S
9:55:09,40.89,1,2S
9:55:09,40.89,1,2S
9:55:09,40.89,1,2S
9:55:09,40.89,1,2S
9:55:09,40.89,1,2S
9:55:09,40.89,1,2S
9:55:09,40.89,1,2S
9:55:09,40.89,1,2S
9:55:09,40.89,1,2S
9:55:09,40.89,1,2S
9:55:09,40.89,1,2S
9:55:09,40.89,1,2S
9:55:09,40.89,1,2S
9:55:09,40.89,1,2S
9:55:09,40.89,1,2S
9:55:09,40.89,1,2S
9:55:09,40.89,1,2S
9:55:09,40.88,3,BC
9:55:09,40.89,3,2B
9:55:09,40.89,1,2S
9:55:09,40.89,1,2S
9:55:09,40.89,1,2S
9:55:10,40.89,1,2S
9:55:12,40.89,1,SC
9:55:12,40.89,1,SC
9:55:12,40.89,1,SC
9:55:12,40.89,1,SC
9:55:12,40.89,1,SC
9:55:12,40.89,1,SC
9:55:12,40.89,1,SC
9:55:12,40.89,1,SC
9:55:12,40.89,1,SC
9:55:12,40.89,1,SC
9:55:12,40.89,1,SC
9:55:12,40.89,1,SC
9:55:12,40.89,1,SC
9:55:12,40.89,1,SC
9:55:12,40.89,1,SC
9:55:12,40.89,1,SC
9:55:12,40.89,1,SC
9:55:12,40.89,1,SC
9:55:12,40.89,1,SC
9:55:12,40.89,1,SC
9:55:12,40.89,1,SC
9:55:13,40.81,1,2S
9:55:13,40.89,1,2S
9:55:15,40.89,2,2B
9:55:19,40.92,9,SC
9:55:21,40.83,2,2B
9:55:21,40.86,3,2B
9:55:21,40.89,5,2B
9:55:21,40.89,5,2B
9:55:24,40.91,1,SC
9:55:24,40.88,1,2S
9:55:25,40.9,1,2S
9:55:26,40.89,3,2S
9:55:27,40.89,1,BC
9:55:27,40.9,1,2B
9:55:27,40.9,1,2B
9:55:28,40.86,1,2B
9:55:30,40.9,3,2B
9:55:32,40.93,1,2S
9:55:32,40.89,1,2S
9:55:33,40.86,3,BC
9:55:33,40.9,2,2B
9:55:35,40.83,10,BC
9:55:36,40.86,10,2B
9:55:36,40.91,1,2B
9:55:37,40.84,3,2B
9:55:39,40.49,1,2S
9:55:39,40.91,1,2S
9:55:39,40.91,1,2S
9:55:39,40.91,1,2S
9:55:39,40.91,1,2S
9:55:39,40.91,1,2S
9:55:39,40.91,1,2S
9:55:39,40.91,1,2S
9:55:39,40.9,2,BC
9:55:39,40.91,1,2S
9:55:39,40.91,1,2S
9:55:39,40.91,1,2S
9:55:39,40.91,1,2S
9:55:39,40.91,1,2S
9:55:39,40.91,1,2S
9:55:39,40.91,2,2B
9:55:39,40.91,3,2B
9:55:39,40.91,1,2S
9:55:39,40.91,1,2S
9:55:39,40.91,1,2S
9:55:39,40.91,1,2S
9:55:40,40.91,1,2S
9:55:40,40.5,5,2B
9:55:41,40.9,5,2B
9:55:42,40.9,1,2S
9:55:42,40.9,1,2S
9:55:42,40.9,1,2S
9:55:42,40.9,1,2S
9:55:42,40.9,1,2S
9:55:42,40.9,1,2S
9:55:42,40.9,1,2S
9:55:42,40.9,1,2S
9:55:42,40.9,1,2S
9:55:42,40.9,1,2S
9:55:42,40.9,1,2S
9:55:42,40.9,1,2S
9:55:42,40.9,1,2S
9:55:42,40.85,2,2B
9:55:42,40.9,1,2S
9:55:42,40.9,1,2S
9:55:42,40.9,1,2S
9:55:42,40.9,1,2S
9:55:42,40.91,1,SC
9:55:42,40.91,1,SC
9:55:42,40.91,1,SC
9:55:42,40.91,1,SC
9:55:42,40.91,1,SC
9:55:42,40.91,1,SC
9:55:42,40.91,1,SC
9:55:42,40.91,1,SC
9:55:42,40.91,1,SC
9:55:42,40.91,1,SC
9:55:42,40.9,1,2S
9:55:42,40.91,1,SC
9:55:42,40.91,1,SC
9:55:43,40.91,1,SC
9:55:45,40.91,9,2S
9:55:50,40.86,6,2S
9:55:55,40.86,7,2B
9:55:55,40.85,12,2B
9:55:57,40.99,12,2S
9:55:57,40.88,10,2B
9:56:00,40.89,2,2S
9:56:00,40.88,5,2B
9:56:03,40.88,3,2B
9:56:04,40.86,7,2B
9:56:09,40.45,1,2S
9:56:09,40.88,12,2S
9:56:10,40.8,1,2B
9:56:11,40.91,9,SC
9:56:12,40.88,1,2S
9:56:12,40.88,1,2S
9:56:12,40.88,1,2S
9:56:12,40.88,1,2S
9:56:12,40.9,1,SC
9:56:12,40.9,1,SC
9:56:12,40.9,1,SC
9:56:12,40.88,1,2S
9:56:12,40.88,1,2S
9:56:12,40.88,1,2S
9:56:12,40.88,1,2S
9:56:12,40.9,1,SC
9:56:12,40.9,1,SC
9:56:12,40.9,1,SC
9:56:12,40.88,1,2S
9:56:12,40.89,2,2B
9:56:13,40.9,2,2S
9:56:20,40.88,1,2S
9:56:20,40.89,10,2B
9:56:21,40.89,1,2S
9:56:21,40.89,1,2S
9:56:21,40.89,1,2S
9:56:21,40.89,1,2S
9:56:21,40.89,1,2S
9:56:21,40.89,1,2S
9:56:21,40.89,1,2S
9:56:21,40.89,1,2S
9:56:21,40.89,1,2S
9:56:21,40.89,1,2S
9:56:21,40.9,1,SC
9:56:21,40.9,1,SC
9:56:21,40.9,1,SC
9:56:21,40.89,1,2S
9:56:21,40.89,1,2S
9:56:21,40.89,1,2S
9:56:21,40.89,1,2S
9:56:21,40.89,1,2S
9:56:21,40.89,1,2S
9:56:21,40.89,1,2S
9:56:21,40.89,1,2S
9:56:21,40.89,1,2S
9:56:21,43.87,8,SC
9:56:21,40.89,1,2S
9:56:21,40.89,1,2S
9:56:21,40.89,1,2S
9:56:21,40.89,1,2S
9:56:22,40.88,1,2B
9:56:22,40.84,1,2S
9:56:23,40.88,1,2S
9:56:23,40.9,1,2B
9:56:25,41.01,6,2S
9:56:27,40.86,13,2S
9:56:28,41.07,12,SC
9:56:29,40.86,1,2B
9:56:30,40.89,1,SC
9:56:30,40.89,1,SC
9:56:30,40.89,1,SC
9:56:30,40.86,4,2B
9:56:32,40.86,2,2B
9:56:33,40.86,2,2S
9:56:33,40.86,1,2S
9:56:33,40.86,1,2S
9:56:33,40.86,3,2B
9:56:33,40.76,1,2B
9:56:33,40.89,12,2S
9:56:33,40.89,50,2B
9:56:35,40.86,7,2B
9:56:36,40.86,3,BC
9:56:36,40.89,3,2B
9:56:36,40.89,1,2S
9:56:36,40.89,4,2S
9:56:38,40.88,1,2S
9:56:39,40.89,1,2S
9:56:39,40.89,1,2S
9:56:39,40.89,1,2S
9:56:39,40.89,1,2S
9:56:39,40.89,1,2S
9:56:39,40.89,1,2S
9:56:39,40.89,3,2S
9:56:39,40.89,1,2S
9:56:39,40.89,1,2S
9:56:39,40.89,1,2S
9:56:39,40.89,1,2S
9:56:39,40.89,3,2S
9:56:39,40.89,1,2S
9:56:39,40.89,1,2S
9:56:39,40.48,1,2S
9:56:39,40.89,1,2S
9:56:39,40.89,1,2S
9:56:41,40.85,2,BC
9:56:45,40.73,62,2B
9:56:49,40.89,9,2S
9:56:49,40.86,3,2S
9:56:52,40.89,1,SC
9:56:54,40.89,12,2S
9:56:54,40.89,9,SC
9:56:58,40.86,5,2B
9:57:05,40,3,BC
9:57:05,40.8,3,BC
9:57:06,40.87,1,2B
9:57:09,40.45,1,2S
9:57:09,40.87,3,2B
9:57:09,40.87,2,2B
9:57:12,40.85,2,2S
9:57:12,40.88,1,2B
9:57:15,40.89,6,2S
9:57:15,40.88,1,2S
9:57:15,40.87,2,BC
9:57:15,40.88,3,2B
9:57:16,40.89,9,2B
9:57:16,40.89,12,2B
9:57:16,40.89,50,2B
9:57:18,40.9,16,2B
9:57:18,40.9,3,2B
9:57:18,40.88,3,BC
9:57:18,40.89,3,2B
9:57:18,40.78,13,BC
9:57:19,39.8,6,2B
9:57:21,40.89,29,2B
9:57:21,40.89,3,BC
9:57:21,40.9,3,2B
9:57:21,40.89,3,BC
9:57:24,41.72,1,2B
9:57:24,40.93,2,2B
9:57:25,40.86,2,BC
9:57:25,40.5,2,2B
9:57:28,40.85,1,2S
9:57:28,40.52,1,2S
9:57:31,41.11,1,2S
9:57:31,40.99,12,SC
9:57:33,40,4,2B
9:57:34,40.86,7,BC
9:57:35,40.91,2,2B
9:57:36,40.99,40,2B
9:57:36,40.9,3,BC
9:57:36,40.91,2,2B
9:57:38,40.99,1,2B
9:57:39,40.99,1,2S
9:57:39,40.99,4,2S
9:57:39,40.99,1,2S
9:57:39,40.99,1,2S
9:57:39,40.99,1,2S
9:57:39,40.99,1,2S
9:57:39,41,1,2S
9:57:39,40.99,4,2S
9:57:39,40.91,2,BC
9:57:39,40.99,3,2B
9:57:40,40.98,2,2S
9:57:42,40.99,1,2S
9:57:42,40.99,2,2S
9:57:42,40.99,2,2S
9:57:42,40.99,2,2S
9:57:42,40.99,2,2S
9:57:42,40.99,2,2S
9:57:42,40.91,13,2B
9:57:43,41,8,2S
9:57:43,41,6,2S
9:57:45,40.99,1,2S
9:57:45,40.99,1,2S
9:57:45,40.99,1,2S
9:57:55,40.99,5,2B
9:57:57,40.99,1,2S
9:57:58,40.58,1,2S
9:58:00,40.99,5,2S
9:58:00,40.99,2,2S
9:58:00,40.99,1,2S
9:58:02,40.99,1,2S
9:58:03,40.91,3,2B
9:58:03,40.92,1,2B
9:58:04,41,1,2S
9:58:06,40.99,1,SC
9:58:06,40.91,3,BC
9:58:06,40.92,3,2B
9:58:07,40.91,1,2B
9:58:09,40.89,29,BC
9:58:14,40.86,5,BC
9:58:14,40.83,2,BC
9:58:17,40.99,1,2S
9:58:18,40.98,1,2S
9:58:21,40.99,3,SC
9:58:21,40.99,2,SC
9:58:22,41.01,6,SC
9:58:23,40.99,29,2B
9:58:24,40.92,3,BC
9:58:24,40.99,4,2S
9:58:24,40.99,3,2B
9:58:27,40.99,4,2S
9:58:28,40.58,1,2S
9:58:41,40.99,3,2B
9:58:43,40.94,1,2S
9:58:45,41.5,2,2S
9:58:45,40.99,3,2S
9:58:48,40.99,3,2S
9:58:51,40.99,2,2S
9:58:52,40.81,25,BC
9:58:53,40.18,2,2S
9:58:53,40.18,14,2S
9:58:54,40.99,1,2S
9:58:58,40.5,1,2S
9:59:00,40.91,3,2S
9:59:03,40.91,2,2B
9:59:06,41.73,2,2B
9:59:07,40.68,2,BC
9:59:08,40.86,1,2S
9:59:09,40.91,35,2B
9:59:11,40.91,1,2S
9:59:17,40.9,20,2B
9:59:18,40.89,1,2S
9:59:18,40.91,1,2B
9:59:19,40.92,11,2B
9:59:20,40.92,5,2B
9:59:21,40.91,2,BC
9:59:21,40.92,3,2B
9:59:28,40.5,1,2S
9:59:29,40.95,3,2B
9:59:30,40.95,1,2S
9:59:30,40.92,3,BC
9:59:30,40.95,3,2B
9:59:32,40.92,6,2S
9:59:37,41.05,6,2S
9:59:43,40.1,1,2S
9:59:45,40.92,1,2S
9:59:45,40.87,1,2S
9:59:47,40.77,3,2B
9:59:47,40,4,2B
9:59:50,40.75,5,2B
9:59:51,41.05,1,2S
9:59:53,40.9,8,2S
9:59:57,39.98,1,2B
9:59:58,40.51,1,2S
10:00:00,40.99,2,2S
10:00:00,40.99,1,2S
10:00:01,41,5,2B
10:00:03,41,1,2S
10:00:03,41,1,2S
10:00:03,40.92,3,2B
10:00:04,40.99,1,2S
10:00:06,40.99,1,2S
10:00:06,40.98,1,2S
10:00:10,40.92,25,2B
10:00:10,40.92,2,2B
10:00:11,41,8,2B
10:00:13,40.85,2,BC
10:00:15,40.92,2,2B
10:00:15,40.92,2,2B
10:00:17,41.82,2,2B
10:00:17,40.93,12,2B
10:00:18,40.92,2,BC
10:00:18,40.93,2,2B
10:00:18,40.59,1,2S
10:00:18,40.93,5,2B
10:00:18,40.92,3,BC
10:00:18,40.93,3,2B
10:00:21,40.93,1,2S
10:00:21,40.93,1,2S
10:00:21,40.93,1,2S
10:00:21,40.93,1,2S
10:00:21,40.93,1,2S
10:00:21,40.93,1,2S
10:00:21,40.93,1,2S
10:00:21,40.93,1,2S
10:00:23,41,1,2B
10:00:23,40.86,1,2B
10:00:23,40.92,5,2B
10:00:24,40.93,1,2B
10:00:29,41,1,2S
10:00:30,40.93,3,2B
10:00:30,40.81,20,BC
10:00:32,40.8,4,BC
10:00:33,40.96,3,2B
10:00:33,40.92,2,BC
10:00:36,40.93,2,BC
10:00:36,40.96,2,2B
10:00:36,40.93,1,BC
10:00:36,40.96,1,2B
10:00:36,41.01,1,2B
10:00:36,41,2,2B
10:00:36,40.93,3,BC
10:00:36,40.98,2,2B
10:00:38,40.93,11,2B
10:00:38,42.36,10,2S
10:00:39,40.96,2,BC
10:00:39,40.98,2,2B
10:00:39,40.98,1,2B
10:00:39,40.96,1,BC
10:00:39,41,31,2B
10:00:39,41,2,2B
10:00:39,41,2,2B
10:00:39,41,3,2B
10:00:39,41,3,2B
10:00:39,41,1,2B
10:00:39,41.2,1,2B
10:00:39,40.96,3,BC
10:00:39,41,74,2B
10:00:39,41,1,2B
10:00:39,41,67,2B
10:00:39,40.99,2,2B
10:00:40,41,12,BC
10:00:40,41.05,2,2B
10:00:40,41.05,5,2B
10:00:42,40.98,1,BC
10:00:42,41,1,2B
10:00:42,41.01,11,2B
10:00:42,40.98,2,BC
10:00:42,41,2,2B
10:00:42,41.01,3,2B
10:00:42,40.98,2,BC
10:00:42,41.01,4,2B
10:00:42,41.01,26,2B
10:00:42,40.9,3,BC
10:00:42,40.82,1,BC
10:00:42,40.85,4,BC
10:00:42,41.05,2,2B
10:00:42,41,1,BC
10:00:42,40.99,2,BC
10:00:44,41.31,1,2B
10:00:44,41,67,BC
10:00:45,41,1,BC
10:00:45,41.05,1,2B
10:00:45,41,2,BC
10:00:45,41.05,2,2B
10:00:45,41.08,2,2B
10:00:45,41.87,1,2B
10:00:45,41,6,2B
10:00:45,40.93,11,BC
10:00:46,40.91,35,BC
10:00:47,41.31,1,2B
10:00:48,41.05,2,BC
10:00:48,41.08,2,2B
10:00:48,40.69,1,2S
10:00:48,41.05,1,BC
10:00:48,41.08,1,2B
10:00:48,41.11,3,2B
10:00:48,41.11,3,2B
10:00:48,41.11,1,2B
10:00:48,41.05,2,BC
10:00:48,41.09,3,2B
10:00:50,41,4,2B
10:00:51,41.11,11,2B
10:00:51,41.11,1,2B
10:00:51,41.08,2,BC
10:00:51,41.09,2,2B
10:00:51,41.11,4,2B
10:00:51,41.11,4,2B
10:00:51,41.08,1,BC
10:00:51,41.09,1,2B
10:00:51,41.11,17,2B
10:00:51,41.11,6,2B
10:00:51,41.08,1,BC
10:00:51,41.1,1,2B
10:00:51,41.1,2,2B
10:00:51,41.11,2,2B
10:00:51,41.11,4,2B
10:00:52,41.11,4,BC
10:00:52,41.12,3,2B
10:00:52,41.31,1,2B
10:00:54,41.09,2,BC
10:00:54,41.12,2,2B
10:00:54,41.09,1,BC
10:00:54,41.12,1,2B
10:00:54,41.01,3,BC
10:00:54,41.09,3,BC
10:00:54,41.18,3,2B
10:00:54,41.1,2,BC
10:00:54,41.93,4,2B
10:00:54,41.41,3,2S
10:00:54,41.41,6,2S
10:00:54,41.93,1,2B
10:00:54,41.4,20,2S
10:00:57,41.41,2,SC
10:00:57,41.39,49,2S
10:00:57,41.39,1,2S
10:00:57,41.39,10,2S
10:00:57,41.39,8,2S
10:00:57,41.41,6,SC
10:00:57,41.39,4,2S
10:00:57,41.39,8,2S
10:00:57,41.39,12,2S
10:00:57,41.4,2,2S
10:00:57,41.12,2,BC
10:00:57,41.18,2,2B
10:00:57,41.12,1,BC
10:00:57,41.18,1,2B
10:00:57,41.39,2,2S
10:00:57,41.1,1,BC
10:00:57,41.39,2,2S
10:00:57,41.38,15,2S
10:00:57,41.11,4,BC
10:00:57,41.41,2,2S
10:00:57,41.13,2,2B
10:00:57,41.29,2,2B
10:00:57,41.29,2,2S
10:00:57,41.39,8,SC
10:00:57,41.39,49,SC
10:00:57,41.39,1,SC
10:00:57,41.37,2,2S
10:00:57,41.39,4,SC
10:00:57,41.39,8,SC
10:00:57,41.39,12,SC
10:00:57,41.37,6,2S
10:00:57,41.4,20,SC
10:00:57,41.37,1,2S
10:00:57,41.38,6,2S
10:00:58,41.36,3,2S
10:00:58,41.36,3,2S
10:00:58,40.66,1,2B
10:00:58,41.37,2,SC
10:00:58,41.35,49,2S
10:00:58,41.35,1,2S
10:00:58,41.35,8,2S
10:00:58,41.37,6,SC
10:00:58,41.35,4,2S
10:00:58,41.35,8,2S
10:00:58,41.35,12,2S
10:00:58,41.37,1,SC
10:00:58,41.35,20,2S
10:01:00,41.18,1,2S
10:01:00,41.18,1,2S
10:01:00,41.18,1,2S
10:01:00,41.18,1,2S
10:01:00,41.35,2,2S
10:01:00,41.35,2,2S
10:01:00,41.39,2,SC
10:01:00,41.34,12,2S
10:01:00,41.35,2,2S
10:01:00,41.4,2,SC
10:01:00,41.18,2,2S
10:01:00,41.35,8,SC
10:01:00,41.35,49,SC
10:01:00,41.35,1,SC
10:01:00,41.33,2,2S
10:01:00,41.35,4,SC
10:01:00,41.35,8,SC
10:01:00,41.35,12,SC
10:01:00,41.33,6,2S
10:01:00,41.35,20,SC
10:01:00,41.33,1,2S
10:01:00,41.18,2,2S
10:01:00,41.18,1,2S
10:01:00,41.29,6,2S
10:01:00,41.18,1,2S
10:01:00,41.18,1,2S
10:01:00,41.18,1,2S
10:01:00,41.29,1,2S
10:01:00,41.18,1,2S
10:01:00,41.18,1,2S
10:01:00,41.18,1,2S
10:01:00,41.18,1,2S
10:01:00,41.18,1,2S
10:01:00,41.18,1,2S
10:01:00,41.18,1,2S
10:01:00,41.18,1,2S
10:01:00,41.18,1,2S
10:01:00,41.35,7,2S
10:01:00,41.18,1,2S
10:01:01,40.8,30,BC
10:01:01,41.11,6,BC
10:01:01,41.11,2,BC
10:01:01,41.33,6,SC
10:01:01,41.33,2,SC
10:01:01,41.33,1,SC
10:01:01,41.17,2,2S
10:01:01,41.17,4,2S
10:01:01,42.12,1,2B
10:01:01,41.2,37,2B
10:01:02,41.38,15,SC
10:01:03,41.2,1,2S
10:01:03,41.2,1,2S
10:01:03,41.2,1,2S
10:01:03,41.2,1,2S
10:01:03,41.2,1,2S
10:01:03,41.2,1,2S
10:01:03,41.2,1,2S
10:01:03,41.2,1,2S
10:01:03,41.2,1,2S
10:01:03,41.2,1,2S
10:01:03,41.2,1,2S
10:01:03,41.2,1,2S
10:01:03,41.28,2,2S
10:01:03,41.2,3,2B
10:01:03,41.2,2,2S
10:01:03,41.2,1,2S
10:01:03,41.2,1,2S
10:01:03,41.2,1,2S
10:01:03,41.2,2,2S
10:01:04,41.27,3,2S
10:01:04,41,4,BC
10:01:06,41.34,12,SC
10:01:06,41.27,2,2S
10:01:06,41.13,2,2B
10:01:06,41.39,10,SC
10:01:06,41.45,6,SC
10:01:06,41.61,10,SC
10:01:06,41.35,2,SC
10:01:06,41.35,2,SC
10:01:06,41.28,2,SC
10:01:06,41.04,2,2B
10:01:07,41.41,5,2S
10:01:09,41.39,2,SC
10:01:09,41.26,2,2S
10:01:09,41.26,3,2S
10:01:09,41.34,12,2S
10:01:10,41.29,6,SC
10:01:10,41.29,1,SC
10:01:11,40.91,1,BC
10:01:12,41.25,9,2S
10:01:12,41.26,2,2S
10:01:12,41.27,2,SC
10:01:12,41.26,2,2S
10:01:12,41.26,2,2S
10:01:12,41.25,2,2S
10:01:12,41.26,2,SC
10:01:12,41.2,1,2S
10:01:12,41.2,4,2S
10:01:12,41.08,1,2S
10:01:13,41.33,1,2S
10:01:15,41.13,1,BC
10:01:15,41.13,3,2S
10:01:15,41.12,2,2S
10:01:15,41.13,3,2S
10:01:15,41.19,2,2S
10:01:15,41.13,3,2S
10:01:15,41.13,2,2S
10:01:15,41.35,7,SC
10:01:15,42.02,3,2B
10:01:17,41.25,1,2S
10:01:17,41.24,3,2S
10:01:18,41.12,2,2S
10:01:18,41.12,1,2S
10:01:18,41.12,1,2S
10:01:18,41.12,1,2S
10:01:18,40.71,1,2S
10:01:18,41.12,1,2S
10:01:18,41.19,2,SC
10:01:18,41.12,1,2S
10:01:18,41.12,1,2S
10:01:18,41.12,1,2S
10:01:18,41.12,1,2S
10:01:18,41.12,1,2S
10:01:18,41.12,1,2S
10:01:18,41.12,1,2S
10:01:18,41.36,3,SC
10:01:18,41.36,3,SC
10:01:19,41.15,61,2B
10:01:21,41.2,2,2S
